3146 5014
524 509 601 569 18
1282 530 1930 577 οοΝειΤιΤυΤιοΝυΜ

1192 803 1284 843 DE
1322 804 1523 846 mono
1561 805 2031 848 DIMITTENDI.

1417 907 1612 971 CAP.
1663 909 1795 971 III.

567 1036 594 1090 l
650 1029 817 1093 CUM
872 1029 972 1107 iis,
1026 1030 1139 1113 qui
1186 1030 1554 1095 dimittendi
1603 1044 1816 1113 erunt,
1868 1035 2189 1098 observari
2239 1050 2387 1100 eum
2436 1039 2700 1101 modum

646 1141 1004 1219 conveniet,
1047 1141 1159 1225 qui
1197 1142 1266 1204 in
1315 1156 1670 1227 conspectu
1712 1144 1838 1207 Dei
1884 1145 2259 1226 dimittenti,
2305 1149 2593 1229 dimisso,
2637 1162 2702 1213 et

646 1252 785 1315 aliis
835 1254 1226 1331 domesticis,
1273 1266 1336 1317 et
1385 1256 1668 1318 externis
1720 1258 1998 1321 maxime
2046 1260 2413 1325 satisfaciat.
2506 1263 2703 1327 Quod

645 1363 876 1427 attinet
928 1365 1012 1427 ad
1072 1365 1504 1428 dimittentem
1566 1367 1649 1429 ob
1704 1390 1927 1431 causas
1977 1371 2273 1454 superius
2327 1372 2531 1435 dictas
2580 1373 2702 1435 tria

645 1475 1084 1539 observentur.

560 1594 598 1647 2
648 1586 937 1649 Primum
982 1598 1102 1665 est,
1151 1601 1225 1651 ut
1273 1600 1409 1651 oret
1457 1588 1596 1673 ipse
1647 1592 2029 1670 Dominum,
2078 1604 2142 1654 et
2188 1593 2363 1655 domi
2409 1593 2574 1655 orari
2620 1616 2696 1656 ea

637 1698 998 1762 intentione
1030 1711 1210 1761 curet
1246 1700 1540 1782 (quanvis
1585 1702 1994 1785 particularia
2038 1724 2170 1766 non
2216 1703 2683 1788 intelligantur)

639 1821 714 1872 ut
745 1809 1104 1893 significare
1138 1811 1463 1874 Dominus
1495 1824 1716 1875 noster
1756 1813 2059 1896 dignetur
2102 1836 2177 1877 ea
2220 1815 2288 1877 in
2333 1837 2423 1893 re,
2455 1815 2534 1878 de
2567 1836 2695 1898 qua

641 1921 875 2004 agitur,
908 1943 1089 1983 suam
1123 1921 1593 1985 sanctissimam
1624 1922 2045 1985 voluntatem.

551 2039 590 2092 3
638 2012 958 2109 Alterum,
1017 2043 1091 2094 ut
1152 2034 1436 2096 conferat
1507 2054 1656 2095 cum
1732 2032 2075 2114 aliquibus,
2150 2055 2263 2095 seu
2339 2033 2552 2116 aliquo
2614 2057 2694 2097 ex

642 2142 1033 2219 domesticiS,
1064 2144 1175 2226 qui
1216 2143 1296 2206 ad
1341 2144 1465 2205 hoc
1509 2141 1844 2226 negotium
1876 2143 2155 2226 aptiores
2195 2143 2574 2223 videantur3
2627 2158 2692 2208 et

639 2253 879 2331 audiat,
910 2253 1068 2336 quid
1097 2253 1188 2316 illi
1220 2253 1520 2316 sentiant.

552 2372 591 2426 4
637 2364 951 2441 Tertium,
999 2376 1075 2426 ut
1127 2385 1385 2426 omnem
1439 2363 1733 2425 exuendo
1782 2363 2107 2441 affectum,
2160 2376 2224 2426 et
2284 2365 2510 2448 majori
2564 2366 2690 2429 Dei

639 2475 842 2561 gloria
898 2497 1033 2559 prae
1087 2473 1287 2537 oculis
1341 2474 1715 2553 constituta,
1776 2495 1849 2537 ac
1903 2475 2267 2540 communis
2315 2476 2493 2554 boni,
2547 2487 2687 2539 tum

639 2590 831 2652 etiam
862 2588 1098 2671 (quoad
1121 2586 1257 2671 ejus
1278 2586 1416 2650 fieri
1446 2587 1706 2671 poterit)
1736 2587 2140 2671 particularis
2171 2589 2417 2652 ratione
2447 2588 2689 2668 habita,

637 2701 958 2786 expendat
1016 2700 1169 2764 hinc
1241 2699 1392 2762 inde
1468 2721 1715 2777 causaS,
1776 2711 1840 2763 et
1901 2711 2164 2779 statuat,
2224 2723 2307 2763 an
2368 2701 2687 2765 dimittere

637 2812 889 2889 debeat,
920 2834 1038 2874 nec
1070 2833 1171 2872 ne.

552 2933 587 2987 5
641 2923 837 3000 Quod
897 2923 979 2985 ad
1039 2921 1377 2984 dimissum
1453 2922 1708 3000 attinet,
1771 2923 1892 2985 tria
1965 2924 2189 2987 itidem
2245 2924 2684 2986 observentur.

640 3034 929 3098 Primum
977 3032 1298 3110 exterius3
1361 3043 1435 3094 ut
1482 3033 1739 3096 recedat
1792 3056 1871 3097 ex
1919 3035 2132 3110 domo,
2186 3044 2501 3116 quantum
2547 3033 2686 3096 fieri

635 3145 864 3231 possit,
895 3144 1031 3207 sine
1064 3143 1371 3206 dedecore
1403 3143 1504 3206 vel
1532 3143 1907 3228 ignominia,
1939 3165 2012 3206 ac
2059 3165 2277 3205 secum
2323 3142 2539 3205 omnia
2569 3165 2686 3206 sua

633 3258 815 3321 serat.

549 3379 588 3434 6
633 3371 929 3434 Alterum
965 3368 1278 3445 interius3
1323 3378 1397 3430 ut
1442 3389 1592 3429 eum
1639 3365 2099 3428 dimittendum
2132 3365 2437 3449 Superior
2482 3378 2684 3445 curet,

634 3491 1028 3556 conservata,
1089 3491 1406 3562 quantum
1467 3478 1606 3541 fieri
1663 3488 1900 3561 potest,
1971 3477 2280 3540 charitate
2356 3500 2429 3540 ac
2488 3478 2683 3541 bene-

633 3589 913 3654 volentia
942 3600 1170 3650 mutua
1200 3610 1352 3670 erga
1374 3588 1664 3667 domum,
1696 3600 1760 3652 et
1791 3600 2035 3672 quanta
2065 3612 2214 3652 cum
2246 3589 2679 3653 consolatione

632 3703 702 3765 in
733 3700 1018 3764 Domino
1049 3698 1187 3761 fieri
1217 3698 1475 3782 poterit.

549 3819 586 3892 7
632 3814 962 3892 Tertium3
1007 3823 1081 3875 ut
1126 3811 1294 3874 circa
1334 3820 1578 3874 statum
1617 3810 1768 3874 vitae
1808 3813 2065 3876 studeat
2101 3834 2250 3875 eum
2296 3810 2566 3895 dirigere
2607 3823 2682 3874 ut

633 3926 911 4009 aliquam
960 3922 1452 3986 convenientem
1511 3922 1682 3985 viam
1744 3923 2060 3987 serviendi
2120 3923 2264 3985 Deo
2324 3922 2521 4000 ineat,
2581 3922 2682 3985 vel

632 4037 701 4098 in
734 4034 1090 4118 Religione,
1118 4033 1221 4095 vel
1255 4044 1434 4096 extra
1464 4055 1644 4113 eam3
1688 4044 1884 4117 prout
1915 4032 2148 4095 divinae
2178 4032 2497 4095 voluntati
2529 4054 2682 4095 con-

631 4145 993 4210 venientius
1021 4145 1156 4208 sore
1196 4143 1537 4207 videbitur.
1629 4145 1914 4206 Demum
1960 4142 2226 4206 consilio
2263 4155 2328 4206 et
2374 4142 2682 4221 oratione,

632 4270 697 4321 et
729 4256 783 4320 si
813 4256 970 4340 quid
999 4256 1174 4321 aliud
1204 4257 1481 4320 charitas
1512 4256 1781 4334 dederit,
1815 4255 2042 4339 juvare
2074 4267 2274 4319 curet.
