3146 5014
1253 508 1457 593 JPARs
1506 532 1821 576 oc'rAVA.
2506 518 2588 591 97

537 696 653 758 bit.
749 695 879 758 Hic
910 705 1127 757 autem
1156 694 1452 758 Vicarius
1472 695 1588 778 ‘(ut
1617 696 1993 781 plurimiim)
2030 719 2202 761 unus
2233 720 2313 761 ex
2339 698 2419 762 iis
2450 699 2592 779 erit,

534 808 652 891 'qui
700 807 924 870 adesse
972 807 1350 891 Praeposito,
1399 819 1464 870 et
1508 808 1726 892 ipsum
1781 808 2009 893 juvare
2052 809 2222 873 soliti
2271 821 2447 889 sunt,
2489 811 2594 874 vel

539 919 711 982 certe
756 940 835 981 ex
880 918 980 997 iis,
1026 918 1139 1001 qui
1174 919 1466 1002 proxime
1507 920 1777 1003 degunt.
1870 920 2090 1005 Hujus
2135 921 2418 984 officium
2450 922 2591 1000 erit,

541 1029 929 1093 Societatem
991 1030 1073 1091 ad
1142 1029 1521 1093 electionem
1584 1031 1926 1115 Praepositi
1985 1031 2365 1111 faciendam,
2425 1054 2590 1116 prae-

541 1139 778 1224 scripto
810 1150 1121 1223 tempore,
1153 1152 1217 1204 et
1255 1140 1419 1219 loco,
1451 1163 1581 1224 quo
1627 1144 1967 1205 convenire
2010 1154 2324 1227 oporteat,
2355 1165 2592 1206 convo-

540 1272 705 1313 care.

454 1368 492 1421 2
541 1360 821 1426 Quando
876 1383 1008 1424 non
1070 1361 1152 1424 ad
1211 1360 1591 1425 electionem
1652 1375 2082 1448 congregatur
2131 1364 2459 1443 Societas;
2520 1365 2590 1427 in

539 1471 678 1534 aliis
731 1471 1072 1535 eventibus
1135 1472 1529 1556 Praepositus
1583 1473 1919 1537 Generalis
1981 1496 2121 1537 eam
2185 1475 2587 1554 convocabit,

537 1592 771 1668 praeter
814 1606 1008 1667 quam
1056 1584 1126 1646 in
1166 1584 1312 1663 illis,
1358 1585 1468 1668 qui
1517 1585 1585 1647 in
1635 1608 1810 1649 nona
1866 1598 2048 1671 parte
2103 1588 2586 1673 exprimenturt

539 1708 604 1759 et
656 1719 789 1760 non
849 1696 1268 1781 congregabit
1326 1698 1696 1780 frequenter
1757 1699 2166 1778 Societatem,
2215 1713 2290 1763 ut
2338 1702 2586 1765 dictum

539 1820 686 1888 est3
760 1809 885 1872 nisi
944 1831 1160 1871 rerum
1221 1810 1619 1893 agendarum
1680 1810 2028 1874 necessitas
2088 1824 2367 1896 urgeret.
2459 1813 2589 1877 Sed

538 1921 686 1983 oiim
716 1921 1031 2006 generalis
1065 1920 1499 2005 Congregatio
1531 1922 1615 1985 ad
1653 1922 2032 1986 electionem
2066 1923 2403 2009 Praepositi
2434 1948 2589 1988 con-

537 2044 762 2097 vocata
792 2056 942 2095 eum
975 2032 1116 2116 jam
1146 2032 1446 2115 elegerit3
1492 2033 1725 2096 deinde
1758 2034 1836 2097 de
1867 2033 2060 2097 rebus
2101 2034 2240 2098 aliis
2285 2036 2590 2119 graviori-

537 2144 682 2223 buS,
713 2166 907 2228 quam
939 2155 1014 2206 ut
1045 2166 1083 2206 a
1115 2143 1418 2207 Generali
1449 2155 1514 2207 et
1543 2144 1644 2225 iis,
1677 2145 1789 2229 qui
1834 2168 1985 2209 cum
2028 2145 2172 2230 ipso
2218 2158 2444 2231 agunt,
2477 2148 2589 2211 de-

539 2255 664 2317 cidi
695 2254 995 2333 debeant,
1026 2254 1286 2318 tractari
1315 2255 1575 2340 poterit.

647 2645 740 2686 DE
779 2643 986 2702 Loco,
1018 2642 1393 2699 TEMPORE,
1427 2643 1517 2684 ET
1550 2640 1756 2683 MODO
1792 2638 2350 2683 CONGREGANDI.

454 2900 484 2956 1
539 2894 804 2972 Locos,
836 2915 966 2976 quo
998 2892 1338 2956 conveniet
1371 2891 1658 2956 Societas
1690 2890 1772 2953 ad
1806 2889 2141 2953 Generalis
2187 2889 2590 2971 electionem,

537 3005 790 3068 videtur
850 3004 1167 3068 ordinarie
1228 3005 1405 3066 curia
1454 3002 1691 3066 summi
1744 3002 2077 3065 Pontificis
2138 3023 2276 3064 esse
2339 3000 2591 3080 debere,

538 3117 649 3180 ubi
707 3115 1062 3200 plurimiim
1124 3115 1245 3177 erit
1314 3114 1519 3199 ipsius
1585 3113 1921 3178 Generalis
1996 3112 2392 3191 residentia3
2466 3111 2593 3174 nisi

541 3227 825 3290 Societas
872 3249 950 3289 ex
996 3226 1355 3311 composito
1402 3225 1917 3288 conveniendum
1962 3245 2100 3285 esse
2154 3223 2222 3285 in
2260 3222 2457 3284 alium
2496 3222 2592 3285 lo-

537 3362 707 3416 cum,
732 3339 844 3423 qui
874 3337 1273 3401 commodior
1303 3337 1606 3400 omnibus
1636 3337 1895 3398 futurus
1919 3345 2108 3411 esset,
2134 3344 2472 3396 statueret:
2516 3345 2592 3394 ut

539 3452 594 3514 si
625 3451 767 3534 quis
812 3451 881 3513 in
927 3450 1209 3514 confinio
1258 3449 1656 3512 diversarum
1704 3445 2208 3522 l’rovinciarum,
2240 3444 2307 3507 in
2354 3442 2592 3527 quibus

536 3573 755 3625 manet
801 3562 1111 3640 SocietaS,
1157 3571 1326 3624 esset
1379 3559 1799 3635 constitutus,
1839 3557 1942 3622 vel
1989 3556 2173 3634 aliuS,
2227 3555 2340 3640 qui
2384 3554 2591 3638 magis

535 3673 991 3736 accommodus
1051 3672 1396 3735 videretur.
1489 3670 1559 3734 Si
1622 3668 2019 3754 Praepositus
2082 3666 2417 3730 Generalis
2471 3677 2590 3744 est,

533 3785 644 3868 qui
677 3784 1067 3847 Societatem
1099 3782 1182 3845 ad
1212 3782 1335 3844 alia
1365 3781 1626 3865 negotia
1656 3790 2043 3864 congregat:
2106 3777 2245 3861 ejus
2291 3776 2432 3854 erit,
2478 3776 2592 3838 eli-

532 3919 680 3981 gere
743 3919 816 3960 ac
881 3896 1217 3979 designare
1278 3894 1517 3972 locum,
1581 3915 1775 3976 quem
1836 3891 1904 3953 in
1946 3889 2233 3953 Domino
2275 3888 2589 3972 aptiorem

521 4008 931 4093 judicaverit.

441 4127 480 4183 2
530 4120 620 4182 At
653 4119 941 4205 spatium
974 4117 1309 4203 temporis,
1342 4115 1519 4200 quod
1550 4112 1864 4197 cogendae
1897 4110 2205 4175 Societati
2243 4110 2592 4190 tribuetur,

528 4230 643 4293 ubi
695 4231 775 4293 de
830 4229 1143 4293 electione
1202 4226 1539 4292 Generalis
1595 4224 1922 4310 agendum
1977 4233 2098 4301 est,
2148 4221 2436 4307 quinque
2479 4234 2592 4285 aut
