3146 5014
1299 461 1483 504 PARS
1532 444 1759 507 NONA.
2490 454 2608 511 111

562 625 884 690 moderari
912 648 1044 705 eoS,
1075 626 1187 709 qui
1217 629 1656 707 convenerint,
1687 651 1760 691 ac
1806 651 1924 692 suo
1969 641 2278 714 tempore,
2308 631 2387 694 iis
2428 632 2616 696 abso-

562 739 740 817 lutis,
771 759 917 822 quae
947 739 1285 802 tractanda
1312 747 1516 818 erant,
1547 740 1891 806 dimittere.

444 858 521 915 13
575 851 727 915 Sine
760 849 900 935 ejus
931 849 1235 913 facultate
1276 861 1341 914 et
1386 851 1848 935 approbatione
1893 852 2110 916 nullus
2154 852 2361 936 possit
2405 853 2616 938 digni-

569 969 770 1025 tatem
800 960 999 1023 ullam
1045 972 1224 1023 extra
1271 960 1658 1024 Societatem
1706 962 2085 1040 admittere3
2131 984 2250 1025 nec
2280 963 2384 1025 ille
2415 962 2617 1026 facul-

572 1084 771 1135 tatem
829 1071 1206 1155 hujusmodi
1266 1071 1466 1149 dabit,
1527 1093 1648 1134 nec
1721 1073 1791 1135 id
1864 1073 2269 1157 approbabit,
2332 1074 2386 1137 si
2447 1074 2615 1137 sedis

569 1181 963 1266 Apostolicae
994 1181 1360 1244 obedientia
1388 1182 1605 1266 ipsum
1636 1204 1768 1246 non
1800 1183 2230 1267 compelleret.

443 1299 521 1355 14
571 1291 946 1355 Constituat
991 1290 1186 1368 idem,
1239 1302 1314 1354 ut
1364 1291 1610 1354 dictum
1659 1303 1778 1371 est,
1833 1315 1951 1357 suo
2004 1294 2265 1358 arbitrio
2308 1295 2615 1359 Rectores

571 1400 1005 1484 Collegiorum
1065 1412 1130 1463 et
1193 1400 1729 1481 Universitatum,
1790 1424 1863 1466 ac
1926 1403 2318 1489 Praepositos
2377 1404 2612 1469 locales

571 1512 933 1589 domorum,
986 1533 1149 1594 quos
1204 1512 1482 1595 aptiores
1535 1513 1669 1576 fore
1724 1512 2131 1597 judicaverit,
2187 1515 2616 1580 Provinciales

572 1621 794 1684 itidem
830 1621 1219 1705 Praepositos
1251 1621 1334 1684 ad
1364 1621 1715 1686 triennium
1759 1633 1835 1686 ut
1878 1624 2272 1707 plurimum3
2332 1629 2619 1707 (quanvis

573 1741 634 1796 et
664 1736 972 1811 contrahi,
1004 1740 1067 1796 et
1096 1734 1444 1815 proroyari
1475 1737 1667 1797 etiam
1711 1737 1782 1797 id
1812 1737 2085 1815 spatium
2132 1738 2428 1817 temporis
2466 1757 2620 1818 pos-

574 1846 681 1921 sit,
713 1845 958 1925 quando
990 1845 1078 1906 ad
1113 1844 1409 1924 majorem
1438 1845 1564 1906 Dei
1605 1865 1680 1908 ac
1707 1845 1965 1907 Domini
2003 1847 2206 1907 nostri
2243 1848 2515 1927 yloriam
2553 1848 2625 1909 id

556 1955 713 2035 fore
772 1955 1137 2031 videbitur).
1230 1953 1488 2019 Quibus
1549 1954 1743 2018 etiam
1803 1977 1944 2018 eam
2003 1967 2392 2040 potestatem
2445 1979 2620 2020 com-

574 2063 956 2143 municabit,
988 2081 1182 2147 quam
1215 2064 1489 2142 duxerit,
1521 2065 2146 2129 communicandam.

449 2181 525 2235 15
579 2172 824 2235 Poterit
870 2172 1062 2234 etiam
1107 2193 1426 2251 revocare,
1471 2174 1878 2258 restringere,
1924 2182 1990 2238 et
2032 2175 2226 2239 etiam
2271 2198 2526 2260 augere,
2557 2188 2622 2239 et

577 2284 1152 2347 administrationis
1195 2285 1507 2348 rationem
1555 2285 1636 2348 ab
1668 2286 1758 2349 eis
1790 2287 2062 2370 exigere.
2153 2289 2351 2354 Quod
2381 2288 2435 2351 si
2469 2289 2623 2351 Pro-

574 2395 832 2459 vinciali
888 2396 1263 2459 facultatem
1323 2396 1760 2460 constituendi
1808 2398 2197 2482 Praepositos
2255 2399 2511 2477 locales,
2559 2410 2624 2461 et

580 2510 886 2572 Rectores
918 2506 1528 2587 communicaverit3
1582 2509 1870 2594 ejusdem
1918 2510 2253 2574 Generalis
2298 2512 2438 2590 erit,
2485 2533 2625 2575 eos-

582 2619 730 2682 dem
762 2606 1163 2697 confirinare,
1193 2618 1296 2682 vel
1323 2641 1670 2684 removere.

455 2736 537 2792 16
586 2729 771 2791 Idem
802 2728 1102 2792 officiales
1133 2728 1412 2812 reliquos
1444 2730 1527 2792 ad
1556 2729 2089 2813 gubernationem
2109 2731 2520 2809 necessarioS,
2550 2743 2625 2794 ut

584 2841 1072 2903 Procuratorem
1118 2839 1502 2923 generalem,
1534 2847 1600 2902 et
1632 2839 2058 2903 Secretarium
2091 2839 2427 2905 Societatis
2472 2862 2623 2904 con-

586 2951 831 3029 stituet,
873 2972 1014 3013 eam
1066 2950 1193 3013 illis
1243 2951 1638 3030 facultatem,
1692 2972 1886 3034 quam
1936 2973 2055 3035 pro
2101 2951 2507 3036 negotiorum
2553 2973 2627 3014 ac

581 3083 1001 3150 personarum
1076 3061 1321 3124 ratione
1382 3062 1722 3125 convenire
1796 3062 1863 3123 in
1939 3062 2224 3125 Domino
2285 3063 2627 3147 judicabit,

585 3171 1143 3234 communicando.

457 3285 538 3358 17
587 3283 771 3346 Idem
801 3281 1040 3366 poterit
1081 3302 1214 3344 non
1260 3290 1596 3365 expectata
1638 3282 1918 3365 generali
1965 3282 2459 3365 congregatione
2491 3283 2630 3345 Do-

587 3414 749 3469 mos,
797 3390 1104 3474 Collegia‚
1151 3391 1623 3454 Universitates
1675 3391 1979 3454 Societati
2027 3390 2271 3454 oblatas
2320 3390 2629 3474 accipere,

589 3514 653 3564 et
692 3502 761 3564 in
803 3503 1206 3564 Fundatores
1243 3524 1393 3564 cum
1435 3501 1786 3586 privilegiis
1830 3501 1899 3563 in
1952 3509 2179 3585 quarta
2217 3513 2398 3586 parte
2441 3501 2631 3564 dictis

589 3635 718 3689 eos,
749 3634 912 3695 quos
949 3612 1018 3674 in
1056 3612 1342 3675 Domino
1380 3598 1814 3676 admittendos
1857 3612 2130 3690 duxerit,
2172 3613 2529 3689 admittere,
2567 3624 2632 3675 et

586 3722 914 3800 LectoreS,
977 3721 1376 3800 SacerdoteS,
1437 3734 1502 3785 et
1571 3723 1714 3799 alia,
1790 3743 1935 3805 quae
2010 3722 2423 3798 occurrerint,
2483 3743 2633 3805 pro-

586 3832 820 3895 videre.
911 3832 1058 3895 Erit
1099 3843 1325 3895 ¹tamen
1388 3833 1446 3895 ei
1498 3832 1878 3909 curandum,
1929 3842 2004 3893 ut
2064 3852 2213 3894 cum
2260 3831 2633 3915 hujusmodi

589 3941 1068 4004 conditionibus
1100 3941 1421 4019 admittat,
1453 3964 1530 4004 ex
1562 3940 1798 4023 quibus
1825 3939 2110 4004 Societas
2142 3941 2635 4004 commoditatem

589 4051 671 4113 ad
711 4052 1123 4136 propositum
1155 4052 1277 4115 sibi
1321 4051 1521 4114 divini
1566 4050 1859 4133 obsequii
1903 4051 2123 4130 finem,
2169 4058 2232 4114 et
2267 4072 2390 4114 non
2434 4053 2632 4115 detri-

593 4169 865 4227 mentum
897 4162 1154 4227 sentiat.
1246 4162 1376 4225 Sed
1421 4162 1474 4224 si
1520 4161 1957 4246 experimento
2004 4173 2407 4246 compertum
2448 4173 2638 4240 esset,
