3146 5014
1227 534 1408 576 PARs
1459 534 1783 580 QUARTA.
2041 526 2042 529 ’
2084 563 2091 571 .
2468 519 2553 574 49

502 698 836 783 impensis,
927 698 1016 761 Et
1070 698 1192 760 sub
1241 697 1436 781 hujus
1464 706 1467 707 ’
1493 692 1801 782 temporis
1855 697 2054 759 finem
2104 716 2366 758 suarum
2416 717 2554 761 esse

400 817 408 828 '
504 809 788 894 partium
840 810 1077 872 Rector
1135 799 1476 893 intelligat,
1536 811 1954 891 Proepoeitum
2019 801 2427 888 Generalem,‘
2462 811 2563 871 vel

505 922 965 982 Provincialem
1018 921 1369 1007 admonere,
1407 927 1473 981 et
1521 929 1841 1002 quantum
1885 918 1954 980 hi
2000 917 2412 1003 profecerint,
2459 940 2560 982 re-
2599 900 2604 906 ⁸

507 1030 668 1093 ferre
694 1055 712 1107 3
759 1052 832 1093 ac
863 1029 1282 1118 postmodum
1315 1029 1492 1112 quod
1520 1029 1580 1091 ei
1609 1028 2063 1121 praescriptum
2093 1029 2288 1093 fuerit
2318 1029 2400 1093 ad
2431 1030 2558 1094 Dei

508 1139 797 1223 gloriam,
830 1148 1200 1223 exequetur.

814 1442 910 1485 DE
945 1436 1531 1488 GUBERNATIONE
1567 1443 2127 1505 COLLEGIORUM.

432 1675 461 1730 1
516 1668 936 1732 SUPREMAM
985 1691 1207 1732 curam
1251 1668 1355 1733 vel
1409 1647 2076 1759 superintendentiam
2124 1668 2561 1756 Collegiorum

502 1779 694 1876 juxta
725 1779 908 1844 Sedis
938 1779 1332 1864 Apostolicae
1362 1772 1609 1843 litteras
1637 1779 1928 1883 professa
1960 1778 2245 1842 Societas
2276 1778 2561 1845 habebit.

514 1889 682 1953 Cum
731 1889 904 1952 enim
963 1890 1311 1974 quicquam
1369 1890 1639 1975 privatae
1702 1888 1998 1953 utilitatis
2058 1912 2138 1952 ex
2195 1888 2560 1953 redditibus

512 2022 818 2084 quaerere,
879 2000 981 2064 vel
1040 2001 1110 2063 in
1172 2023 1363 2069 suum
1423 2023 1619 2064 usum
1679 2010 2049 2064 convertere
2110 2021 2243 2062 non
2314 1999 2563 2084 possit3

510 2112 743 2187 ratio-ni
790 2112 976 2176 valde
1029 2134 1389 2176 consonum
1437 2123 1557 2192 est,
1601 2113 1779 2196 quod
1813 2112 2042 2196 majori
2086 2134 2237 2175 cum
2281 2111 2563 2196 puritate

512 2247 585 2289 ac
616 2207 1284 2309 spiritu'constantius
1316 2248 1389 2289 ac
1430 2225 1803 2289 diuturnius
1832 2225 2139 2310 procedet
2184 2225 2254 2288 in
2284 2225 2385 2303 iis,
2417 2246 2562 2308 quae

512 2336 593 2399 ad
622 2335 871 2399 bonum
899 2336 1188 2421 regimen
1222 2335 1659 2421 Collegiorum
1690 2336 1773 2399 ad
1801 2336 2015 2420 majus
2041 2335 2170 2400 -Dei
2201 2357 2276 2398 ac
2295 2335 2565 2400 Domini

512 2448 718 2512 nostri
747 2447 1129 2532 obsequium
1159 2448 1481 2533 provideri
1511 2449 1835 2513 convenit.

430 2567 467 2623 2
514 2562 758 2623 Praeter
795 2562 870 2623 id
912 2567 1141 2658 autem,
1191 2562 1359 2641 quod
1405 2562 1492 2623 ad
1538 2561 2051 2639 'Con-stitutione&
2101 2568 2163 2622 et
2204 2561 2565 2622 dissolutio-

514 2692 670 2750 nem,
730 2672 831 2734 vel
886 2636 1322 2746 alienationem
1381 2672 1734 2752 hujusmodi
1800 2671 2213 2752 Colleyiorum
2260 2670 2565 2750 pertinet,

517 2785 808 2846 universa
825 2790 1115 2864 potestas
1145 2789 1207 2846 et
1239 2784 1731 2861 administrati0‚
1763 2792 1828 2845 et
1864 2782 1962 2865 (ut
1999 2781 2067 2844 in
2113 2803 2346 2866 genere
2392 2780 2567 2844 dica-

517 2894 646 2976 tur)
697 2891 894 2977 hujus
941 2892 1558 2977 superintendentiae
1601 2894 1881 2956 executio
1922 2913 2118 2974 penes
2160 2895 2563 2975 Propositum

524 3005 885 3067 Generalem
932 3006 1076 3082 erit,
1122 3003 1234 3086 qui
1282 3004 1480 3066 finem
1533 3002 1740 3082 illum,
1789 3004 1873 3066 ad
1924 3026 2121 3087 quem
2168 3004 2458 3089 Collegia
2501 3011 2566 3068 et

520 3114 804 3178 Societas
834 3125 972 3179 tota
1001 3114 1359 3193 contendit,
1389 3135 1523 3198 prae
1555 3114 1757 3177 oculis
1796 3113 2068 3193 habens,
2112 3114 2364 3194 meliuS,
2410 3115 2569 3199 quid

519 3225 758 3288 eisdem
790 3224 1151 3303 conveniat,
1182 3223 1517 3309 intelliget.

430 3344 470 3400 3
521 3336 646 3400 Per
685 3359 750 3400 se
803 3358 977 3421 ergo,
1021 3336 1122 3400 vel
1175 3358 1290 3420 per
1343 3336 1562 3414 alium,
1604 3336 1709 3398 cui
1746 3358 1929 3399 suam
1978 3303 2350 3399 facultatem
2392 3357 2567 3398 com-

520 3448 961 3527 municaverit,
1009 3447 1077 3510 in
1138 3448 1259 3510 hac
1306 3457 1512 3532 parte,
1563 3446 1958 3530 Praepositus
2015 3431 2350 3509 Generalis
2406 3447 2571 3509 Rec-

524 3569 751 3636 torem,
781 3565 855 3621 ut
883 3558 1104 3643 praesit
1136 3557 1500 3640 cuicunque
1534 3556 1846 3642 Collegio,
1878 3556 2157 3641 aliquem
2187 3579 2266 3620 ex
2287 3556 2569 3641 Coadju-

522 3669 771 3732 toribus
803 3670 1141 3734 Societatis
1172 3670 1527 3734 constituet
1545 3695 1573 3749 3·
1611 3669 1722 3754 qui
1755 3662 2568 3755 PraepositoJProvinciali,

517 3778 621 3843 vel
664 3779 769 3843 cui
817 3780 1152 3844 Generalis
1197 3781 1685 3866 praescripserit,
1727 3769 2053 3849 rationem·
2091 3779 2213 3842 sibi
2260 3779 2571 3870 assignati

518 3891 804 3955 muneris
855 3893 1101 3956 reddet.
1193 3892 1282 3955 Et
1340 3914 1542 3977 penes
1604 3891 1883 3959 eundem
1944 3890 2066 3954 erit
2116 3888 2568 3974 Praepositum,

520 4004 864 4067 Rectorem
895 4025 1212 4081 amovere,
1241 4002 1482 4085 talique
1529 4023 1705 4081 cura,
1734 4012 1931 4087 prout
1976 4001 2034 4066 ei
2080 4000 2570 4065 convenientius

518 4114 586 4177 in
617 4114 905 4179 Domino
934 4115 1280 4194 videbitur,
1309 4114 1597 4178 liberare.

431 4233 471 4288 4
522 4225 904 4289 Curandum
950 4237 1049 4289 est
1090 4238 1329 4305 autem,
1373 4237 1447 4288 ut
1491 4225 1597 4289 ille
1645 4223 1750 4288 cui
1783 4224 2073 4290 Rectoris
2114 4223 2420 4303 officium,
2450 4223 2571 4286 im-
