3146 5014
1204 568 1205 571 ,
1253 525 1439 568 PARs
1488 526 1795 573 QUINTA.
2547 510 2629 584 67

568 689 803 753 litteris
833 687 1251 774 ApostoliciS,
1292 700 1358 754 et
1391 689 1989 754 Constitutionibus
2036 692 2448 755 continetur:
2499 695 2631 757 Ro-

496 830 500 836 ·
572 822 717 880 mae,
747 800 852 864 vel
881 799 1055 879 alibi,
1083 800 1199 863 tali
1228 799 1354 879 die,
1385 822 1633 880 mense,
1664 812 1730 864 et
1761 823 1955 880 anno,
1987 812 2053 865 et
2082 802 2152 865 in
2182 801 2296 866 tali
2340 803 2629 867 ecclesia.

483 919 523 974 4
576 912 733 974 Post
778 911 920 974 haec
975 918 1190 974 sumet
1238 911 1722 975 sanctissimum
1776 912 2207 976 Eucharistiae
2251 913 2629 977 Sacramen-

570 1030 734 1087 tum.
827 1022 1086 1088 Quibus
1137 1023 1437 1108 peractis,
1476 1024 1545 1086 in
1593 1023 1779 1103 libro,
1828 1046 2021 1108 quem
2071 1025 2154 1087 ad
2194 1025 2319 1089 hoc
2366 1025 2631 1090 habebit

575 1134 884 1215 Societas,
914 1134 1053 1219 ejus
1085 1156 1347 1214 nomen,
1379 1134 1492 1219 qui
1531 1135 2002 1220 professionem
2047 1136 2283 1216 emisit,
2325 1144 2390 1201 et
2433 1138 2630 1219 illius,

572 1246 639 1308 in
671 1245 858 1330 cujus
898 1244 1202 1309 manibus
1247 1245 1482 1324 emisit,
1523 1245 1835 1310 adnotato
1881 1246 2007 1326 die,
2052 1269 2299 1327 mense,
2338 1259 2404 1311 et
2435 1271 2629 1330 ann0,

572 1355 926 1435 scribetur3
971 1364 1038 1420 et
1067 1356 1206 1440 ejus
1237 1356 1409 1419 Vota
1440 1355 1683 1441 scripta
1712 1357 2254 1436 asservabuntur3
2301 1368 2376 1421 ut
2421 1360 2630 1423 omni-

572 1490 684 1530 um
716 1468 798 1531 ad
828 1466 1100 1552 gloriam
1132 1467 1260 1530 Dei
1289 1466 1452 1531 ratio
1485 1489 1741 1552 semper
1770 1476 2045 1532 constet.

486 1587 523 1641 5
575 1578 709 1644 Qui
739 1579 822 1650 ad
850 1577 1317 1662 professionem
1348 1578 1548 1642 trium
1579 1590 1879 1642 votorum
1912 1579 2277 1643 solennium
2309 1580 2629 1645 duntaxat

574 1689 1019 1769 admittentur,
1049 1689 1119 1752 in
1151 1689 1442 1768 ecclesia,
1474 1711 1547 1752 ac
1579 1711 1796 1753 coram
1829 1690 2199 1754 domesticis
2231 1703 2297 1755 et
2328 1693 2630 1772 externiS,

572 1800 685 1885 qui
732 1799 1006 1880 aderint,
1067 1801 1217 1864 ante
1279 1800 1476 1884 quam
1538 1799 2024 1864 sanctissimum
2089 1801 2350 1876 Christi,
2394 1825 2629 1888 corpus

574 1913 912 1998 accipiant,
949 1934 1030 1976 ex
1081 1913 1323 1998 scripto
1378 1935 1572 1977 suum
1622 1924 1849 1978 votum
1902 1911 2094 1996 juxta
2144 1913 2489 1977 formulam
2531 1937 2629 1999 se-

573 2036 881 2110 quentem
909 2025 1151 2110 legent.

484 2145 524 2200 6
571 2137 738 2222 Ego.
791 2137 881 2201 N.
944 2136 1417 2201 Professionem
1468 2136 1659 2217 facio,
1706 2147 1773 2200 et
1831 2137 2142 2222 promitto
2198 2138 2630 2223 omnipotenti

573 2249 716 2311 Deo
748 2269 964 2310 coram
995 2247 1135 2332 ejus
1165 2246 1434 2332 Virgine
1465 2258 1695 2327 matre,
1725 2258 1792 2311 et
1820 2248 2123 2312 universa
2158 2248 2401 2312 coelesti
2431 2249 2629 2329 curia,

574 2381 646 2423 ac
692 2359 995 2423 omnibus
1041 2358 1615 2439 circunstantibus,
1661 2372 1727 2424 et
1772 2360 1892 2424 tibi
1934 2361 2014 2425 R.
2049 2358 2227 2424 Patri
2271 2359 2629 2445 Praeposito

577 2473 881 2539 Generali
913 2471 1252 2537 Societatis
1282 2472 1328 2538 J
1331 2494 1447 2537 esu
1479 2475 1679 2537 locum
1707 2473 1832 2536 Dei
1878 2476 2132 2553 tenenti,
2179 2495 2252 2537 ac
2300 2496 2631 2538 successo-

572 2585 751 2649 ribus
799 2585 974 2663 tuis;
1036 2584 1161 2663 vel,
1214 2582 1334 2647 tibi
1381 2585 1463 2647 R.
1502 2583 1680 2647 Patri
1718 2583 1857 2647 vice
1903 2583 2241 2668 Praepositi
2293 2584 2630 2648 Generalis

578 2697 916 2761 Societatis
946 2696 992 2761 J
995 2719 1133 2775 esu,
1164 2703 1230 2759 et
1270 2716 1717 2759 successorum
1763 2694 1927 2779 ejus,
1972 2697 2173 2758 locum
2202 2697 2328 2758 Dei
2374 2699 2630 2774 tenenti,

575 2807 958 2893 perpetuam
1000 2808 1480 2891 Paupertatem,
1514 2806 1924 2884 Castitatem,
1954 2817 2020 2870 et
2053 2805 2533 2885 Obedientiam,
2566 2818 2631 2870 et

574 2917 934 2982 secundum
965 2938 1127 2996 eam,
1160 2919 1550 2999 peculiarem
1581 2937 1798 2980 curam
1836 2919 2007 2981 circa
2038 2937 2385 2998 puerorum
2422 2919 2630 2980 erudi-

576 3031 824 3108 tionem,
888 3029 1082 3113 juxta
1139 3029 1414 3092 formam
1487 3028 1747 3093 vivendi
1814 3028 1885 3091 in
1943 3028 2198 3092 litteris·
2236 3028 2630 3113 Apostolicis

579 3139 917 3205 Societatis
948 3140 993 3204 J
996 3161 1133 3218 esu,
1171 3150 1236 3202 et
1280 3139 1347 3201 in
1395 3137 1535 3222 ejus
1569 3138 2166 3203 Constitutionibus
2213 3151 2628 3203 contentam:

580 3253 827 3331 Romae,
872 3251 975 3316 vel
1027 3250 1199 3330 alibi,
1253 3249 1367 3314 tali
1428 3250 1554 3329 die,
1606 3272 1850 3330 mense,
1900 3261 1965 3313 et
2013 3272 2228 3328 ann03
2296 3263 2361 3315 et
2406 3252 2473 3314 in
2517 3252 2632 3313 tali

574 3362 864 3426 ecclesia.
954 3362 1209 3426 Deinde
1251 3371 1559 3446 sequetur
1606 3360 2018 3440 Communio,
2058 3371 2123 3423 et
2159 3360 2406 3444 reliqua
2440 3383 2631 3445 supe-

579 3473 713 3537 rius
744 3473 935 3539 dicta.

685 3769 779 3812 DE
814 3769 1326 3813 ADMITTENDIS
1362 3768 1970 3811 COADJUTORIBUS
2008 3767 2403 3826 FORMATIS,

1207 3880 1296 3922 ET
1331 3877 1871 3922 SCHOLASTICIS.

1359 3980 1555 4045 CAP.
1606 3980 1726 4044 IV.

488 4114 519 4168 1
577 4107 724 4180 Qui
757 4106 827 4169 in
849 4106 1275 4191 Coadjutores
1306 4105 1617 4169 formatos
1650 4103 2016 4189 spirituales
2049 4126 2198 4167 cum
2232 4104 2632 4190 simplicibus

574 4218 765 4299 votiS,
812 4230 875 4285 et
937 4243 1070 4285 non
1126 4217 1500 4284 solennibus
1556 4217 2013 4299 admittuntur,
2067 4217 2136 4279 in
2192 4220 2479 4299 ecclesia,
2531 4219 2634 4283 vel
