3146 5014
531 479 612 536 62
1283 490 1935 534 cowsrrru'moNUM

659 655 928 740 poterit3
958 666 1034 718 ut
1056 654 1206 718 esim
1236 655 1529 718 omnium
1561 654 1914 719 sententias
1946 652 2242 732 audierit,
2260 653 2516 735 melius,
2539 656 2718 740 quod

659 766 983 846 convenit,
1013 766 1390 831 constituat.

563 880 612 954 v7
659 879 805 942 Erit
836 878 1160 964 Syndicus
1191 900 1363 941 unus
1393 877 1733 962 generalis,
1756 876 1871 962 qui
1900 887 2035 940 tam
2065 876 2146 939 de
2176 877 2495 962 personis,
2518 878 2712 962 quam

658 990 738 1053 de
768 989 961 1053 rebus
998 989 1101 1072 (de
1147 988 1386 1074 quibus
1424 988 1771 1071 videbitur)
1810 990 2152 1052 Rectorem
2183 998 2249 1051 et
2281 988 2712 1072 Praepositum

662 1101 1127 1166 Provincialem
1157 1108 1224 1164 et
1255 1101 1642 1164 Generalem
1673 1101 2059 1178 admoneat3
2104 1099 2217 1184 qui
2248 1100 2513 1184 quidem
2544 1100 2712 1186 Syn-

660 1213 845 1277 dicus
873 1212 973 1277 vir
999 1235 1255 1298 magnae
1286 1211 1615 1276 fidelitatis
1646 1222 1712 1275 et
1746 1211 1977 1296 judicii
2023 1233 2162 1275 esse
2193 1211 2492 1276 debebit:
2540 1213 2712 1276 Prae-

658 1333 758 1389 ter
787 1327 986 1405 hunc,
1018 1347 1171 1390 suos
1201 1323 1468 1388 habebit
1500 1323 1821 1409 Syndicos
1863 1323 2283 1408 particulares
2316 1325 2589 1388 Rector:
2635 1337 2711 1389 ut

659 1459 805 1520 quae
836 1436 1063 1521 quavis
1102 1436 1172 1499 in
1212 1436 1413 1499 classe
1456 1434 1827 1514 acciderint,
1863 1434 2101 1519 quibus
2145 1434 2479 1520 providere
2520 1457 2710 1520 opor-

657 1558 814 1626 teat,
867 1547 948 1610 ad
999 1547 1217 1632 ipsum
1264 1547 1566 1610 referant.
1653 1547 1749 1609 Et
1798 1552 1872 1609 ut
1920 1548 2055 1627 ipse
2106 1547 2182 1609 de
2221 1547 2496 1609 omnibus
2534 1547 2709 1609 Proe-

659 1660 1031 1741 ceptoribus,
1077 1666 1141 1723 et
1193 1660 1340 1722 aliis
1388 1660 1464 1722 de
1511 1658 1873 1732 Societate,·
1941 1659 2037 1720 ita
2083 1664 2147 1721 et
2197 1659 2616 1737 Collateralis,
2646 1666 2709 1729 et

661 1770 993 1853 Syndicus,
1024 1777 1088 1834 et
1124 1771 1487 1833 Consiliarii
1517 1771 1594 1833 de
1622 1771 1781 1851 ipse,
1812 1775 1876 1832 et
1905 1770 1981 1832 de
2021 1770 2169 1832 aliis
2210 1769 2484 1832 scribent
2524 1772 2714 1832 semel

655 1884 920 1964 singulis
963 1885 1145 1945 annis
1178 1883 1525 1964 Praeposito
1563 1882 1879 1960 Generali,
1923 1887 1987 1944 et
2032 1882 2125 1944 bis
2162 1882 2572 1960 Provinciali,
2603 1883 2709 1962 qui

663 1994 1026 2056 Generalem
1060 1995 1144 2069 (si
1174 1994 1328 2074 quid
1353 1995 1729 2074 oportuerit)
1758 1993 2153 2056 admonebit:
2201 2002 2277 2054 ut
2306 1991 2377 2054 in
2406 1991 2708 2055 omnibus

657 2104 885 2188 majori
944 2126 1095 2167 cum
1155 2102 1709 2188 circunspectione
1770 2114 1836 2167 et
1895 2125 2050 2167 cura
2121 2103 2490 2189 praestandi‘
2533 2103 2710 2188 quod

657 2214 931 2300 quisque
963 2214 1176 2294 debet,
1205 2214 1615 2300 procedatur.

571 2332 609 2387 8
658 2326 761 2388 De
811 2325 1133 2410 aliquibus
1192 2324 1513 2410 insigniis,
1560 2347 1722 2388 num
1782 2324 1874 2388 eis
1936 2326 2195 2404 Rector,
2250 2324 2707 2405 CancellariuS,

658 2435 913 2517 Bidelli,
962 2437 1302 2516 Doctores,
1350 2448 1416 2500 et
1464 2435 1792 2521 Magistri,
1836 2446 1912 2498 ut
1962 2434 2031 2498 in
2073 2435 2509 2499 Universitate
2554 2458 2706 2522 cog-

656 2561 1032 2628 noscantur,
1061 2550 1165 2613 vel
1195 2549 1367 2613 certe
1396 2548 1465 2611 in
1498 2548 1750 2612 actibus
1780 2547 2059 2633 publicis
2103 2548 2203 2611 uti
2248 2547 2545 2627 debeant,
2584 2571 2705 2612 nec

656 2682 760 2740 ne,
813 2673 878 2725 et
930 2660 985 2725 si
1035 2667 1325 2740 utantur,
1386 2660 1603 2745 qualia
1660 2681 1800 2723 esse
1861 2659 2162 2738 debeant,
2211 2659 2706 2724 considerationi

658 2771 995 2835 Generalis
1043 2782 1201 2834 tunc
1254 2771 1611 2850 existentis,
1664 2771 1814 2834 cum
1868 2770 2082 2854 aliqua
2141 2770 2546 2834 Universitas
2595 2771 2704 2834 ad-

656 2881 958 2961 mittitur,
988 2882 1406 2967 relinquetur.
1497 2884 1615 2947 Ille
1662 2895 1878 2947 autem
1913 2904 2030 2966 per
2074 2903 2164 2960 se,
2193 2881 2298 2944 vel
2338 2903 2456 2966 per
2486 2882 2705 2962 alium,

658 2993 956 3078 expensis
1016 2994 1517 3075 circunstantiiS,
1570 2996 1749 3079 quod
1809 2992 2196 3079 judicaverit
2256 2992 2338 3055 ad
2397 2993 2706 3077 majorem

657 3105 786 3168 Dei
835 3105 1105 3190 gloriam
1157 3117 1222 3170 et
1268 3106 1674 3192 obsequium,
1725 3118 1791 3170 et
1847 3106 2096 3170 bonum
2154 3103 2511 3167 universale
2571 3105 2705 3169 fore

664 3215 800 3299 (qui
830 3216 1061 3280 unicus
1093 3239 1328 3302 scopus
1357 3218 1427 3281 in
1456 3220 1579 3282 hac
1610 3229 1676 3282 et
1704 3222 1772 3281 in
1803 3216 2104 3281 omnibus
2132 3215 2327 3280 rebus
2358 3214 2547 3280 nobis
2578 3216 2700 3297 est)

658 3330 1030 3395 constituet.
