3146 5014
565 520 646 578 58

1314 532 1967 579 CONSTITUTIONUM

698 698 1113 762 scholasticos
1156 698 1595 776 celebrandos,
1648 710 1714 761 et
1758 698 2032 783 gradum
2077 695 2431 781 magisterii
2477 697 2753 782 suscipi-

697 810 936 873 endum
967 810 1068 889 iis,
1091 810 1201 893 qui
1234 832 1381 872 cum
1415 809 1780 894 suscepturi
1812 820 1987 887 sunt,
2004 807 2424 891 relinquetur.
2498 807 2750 871 Cursus

698 921 949 1006 integer
979 921 1174 984 trium
1206 921 1328 985 erit
1357 943 1677 984 annorum
1709 942 1858 982 cum
1906 919 2173 983 dimidio
2218 941 2427 1002 usque
2472 920 2556 983 ad
2597 941 2749 1004 pro-

696 1032 1049 1097 motionem
1082 1032 1164 1095 ad
1192 1031 1657 1117 magisterium.
1750 1030 2036 1115 Singulis
2080 1040 2299 1094 autem
2344 1030 2532 1093 annis
2574 1051 2746 1092 unus

699 1142 1072 1226 hujusmodi
1132 1164 1358 1205 cursus
1431 1141 1864 1219 inchoabitur,
1938 1152 2003 1203 et
2078 1140 2242 1203 alius
2316 1162 2467 1204 cum
2529 1140 2746 1203 divino

700 1253 936 1316 auxilio
967 1253 1354 1317 absolvetur.

695 1365 1066 1449 Theologiae
1107 1364 1499 1427 curriculum
1549 1386 1662 1427 sex
1709 1363 1897 1426 annis
1943 1362 2303 1426 emetietur.
2395 1362 2476 1424 In
2520 1361 2748 1446 primis

699 1486 975 1558 quatuor
1002 1497 1079 1539 ea
1123 1475 1360 1554 omnia,
1406 1496 1551 1558 quae
1596 1474 1725 1559 legi
1769 1473 2116 1558 oportebit,
2158 1473 2595 1559 praelegentur
2613 1498 2633 1552 3
2678 1473 2745 1536 in

700 1586 955 1650 duobus
1014 1586 1301 1670 reliquis,
1361 1597 1597 1670 praeter
1654 1584 2128 1669 repetitionem,
2187 1595 2371 1647 actus
2432 1583 2605 1647 soliti
2664 1584 2749 1646 ad

698 1698 971 1781 gradum
1017 1698 1390 1760 doctoratus
1438 1696 1507 1759 in
1560 1696 1661 1774 iis,
1707 1695 1819 1779 qui
1863 1695 2285 1780 promovendi
2331 1706 2506 1773 sunt,
2538 1694 2748 1757 absol-

696 1818 950 1870 ventur.
1043 1807 1293 1872 Quarto
1317 1828 1576 1890 quoque
1607 1828 1778 1869 anno
1810 1805 2128 1869 ordinarie
2159 1827 2385 1869 cursus
2416 1804 2748 1868 inchoabi-

695 1929 825 1996 tur,
848 1917 939 1980 sic
968 1917 1150 1980 libris
1179 1917 1609 2001 praelegendis
1641 1916 2026 1994 distributis,
2046 1928 2120 1980 ut
2152 1915 2441 2000 quolibet
2471 1922 2751 1999 quatuor

697 2012 1014 2091 annorum
1076 2027 1286 2111 quivis
1348 2027 1678 2091 studiosus
1738 2026 2040 2090 inchoare
2114 2027 2372 2113 possit3
2447 2038 2512 2090 et
2571 2026 2748 2110 quod

693 2137 1014 2221 reliquum
1046 2149 1144 2201 est
1174 2137 1440 2222 incoepti
1470 2137 1897 2221 quadriennii,
1929 2149 1994 2201 et
2024 2137 2186 2223 ejus„
2230 2138 2406 2222 quod
2436 2136 2746 2222 sequitur,

696 2248 1121 2332 quadriennii,
1152 2270 1358 2332 usque
1400 2249 1483 2312 ad
1521 2248 1705 2312 illum
1747 2248 2120 2328 terminum,
2159 2249 2334 2312 unde
2374 2249 2747 2333 incoeperat,

696 2358 1040 2439 audiendo,
1071 2370 1349 2442 quatuor
1388 2359 1577 2422 annis
1622 2381 1927 2444 peragere
1973 2359 2239 2423 omnino
2283 2380 2546 2423 cursum
2574 2359 2747 2422 The-

693 2471 922 2557 ologiae
950 2470 1179 2558 possit.

696 2582 775 2646 In
830 2583 1138 2668 gradibus
1185 2593 1321 2647 tam
1380 2583 1736 2668 magisterii
1787 2583 2072 2662 Artium,
2125 2584 2319 2668 quam
2371 2583 2745 2648 doctoratus

691 2694 1063 2778 Theologiae
1094 2694 1217 2757 tria
1261 2695 1726 2759 observentur:
1799 2694 2112 2775 Primum,
2156 2694 2385 2778 nequis
2432 2694 2558 2758 nisi
2601 2694 2745 2757 dili-

694 2812 921 2890 genter
950 2820 1016 2868 et
1058 2805 1318 2890 publice
1363 2804 1767 2869 examinatus
1819 2806 1957 2890 (per
2000 2827 2309 2891 personas
2355 2805 2745 2891 designatas,

695 2938 842 2999 quae
885 2916 1051 2979 bene
1097 2938 1289 2979 suum
1338 2917 1623 2980 officium
1667 2918 1928 3001 faciant)
1966 2929 2031 2981 et
2073 2918 2346 2981 idoneus
2391 2919 2475 2981 ad
2517 2918 2745 3003 praele-

692 3027 979 3111 gendum
1025 3027 1296 3090 eandem
1345 3027 1697 3091 Scientiam
1741 3028 2066 3107 inventuS,
2105 3039 2581 3112 promoveatur,
2612 3028 2743 3093 sive

693 3139 799 3202 ille
830 3139 909 3203 de
943 3138 1259 3203 Societate
1306 3138 1412 3217 sit,
1458 3139 1590 3203 sive
1636 3151 1816 3204 extra
1858 3162 2036 3204 eam:
2093 3140 2413 3218 Alterum,
2457 3149 2532 3203 ut
2576 3162 2745 3225 prae-

693 3249 992 3314 cludatur
1038 3250 1276 3314 ostium
1337 3250 1695 3330 ambitioni,
1753 3250 1949 3315 nullis
1998 3250 2157 3314 locis
2218 3250 2408 3314 certis
2468 3251 2584 3332 eis,
2631 3252 2745 3335 qui

692 3361 776 3426 ad
805 3361 1043 3446 gradus
1083 3371 1569 3446 promoventur,
1610 3361 1954 3446 assignatis
1979 3387 1998 3440 3
2062 3360 2220 3445 quin
2247 3360 2466 3445 potius
2496 3362 2741 3425 honore

693 3495 760 3536 se
807 3471 1085 3536 invicem
1131 3473 1506 3558 praevenire,
1558 3473 1736 3536 nulla
1784 3473 2075 3536 locorum
2119 3471 2479 3536 differentia
2524 3473 2741 3536 obser-

691 3594 860 3663 vata,
907 3595 1175 3647 curent:
1238 3584 1554 3662 Tertium,
1600 3597 1674 3649 ut
1719 3586 2269 3670 quemadmodum
2299 3584 2500 3670 gratis
2531 3586 2740 3663 docet,

691 3695 784 3758 ita
830 3706 895 3758 et
940 3696 1024 3758 ad
1053 3696 1292 3780 gradus
1340 3693 1628 3758 Societas
1672 3697 1872 3781 gratis
1914 3705 2312 3782 promoveat,
2356 3709 2422 3761 et
2451 3719 2584 3760 non
2615 3695 2741 3759 nisi

694 3807 1044 3871 admodum
1076 3805 1292 3891 exigui
1324 3817 1626 3891 sumptus
1664 3807 1838 3890 (licet
1880 3809 2228 3872 voluntarii
2271 3808 2425 3891 sint)
2462 3806 2740 3872 externis

692 3917 1189 4002 permittantur:
1237 3939 1319 3980 ne
1351 3918 1755 3983 consuetudo
1784 3919 1916 3983 vim
1945 3919 2105 4004 legis
2136 3920 2402 3983 tandem
2433 3919 2741 3996 obtineat,

691 4039 757 4092 et
812 4029 880 4092 in
948 4051 1024 4092 ea
1080 4041 1264 4114 parte
1337 4030 1644 4115 temporis
1705 4032 2003 4111 decursu,
2062 4032 2570 4095 mediocritatem
2631 4051 2742 4092 ex-

693 4141 946 4205 cedant.
1037 4141 1272 4204 Videat
1324 4143 1518 4206 etiam
1568 4144 1828 4223 Rector,
1889 4166 1969 4207 ne
2022 4144 2381 4229 Magistris,
2439 4142 2540 4207 vel
2589 4140 2741 4204 ullis

692 4250 831 4313 aliis
863 4252 941 4315 de
976 4252 1295 4317 Societate
1343 4253 1486 4332 sibi,
1533 4267 1645 4318 aut
1681 4254 1970 4340 Collegio
2015 4256 2380 4340 pecuniam,
2412 4263 2524 4317 aut
2570 4254 2743 4317 dona
