3146 5014
1282 542 1463 587 PARS
1513 542 1809 586 TERTIA.
2522 527 2601 583 31

550 714 915 800 posuerint,
940 708 1012 773 ‘ei
1052 720 1257 773 totam
1312 730 1532 772 curam
1581 709 1674 770 rei
1723 705 2028 791 expositae
2067 705 2479 790 relinquant:
2543 717 2608 771 et

559 823 872 910 quicquid
900 822 1002 885 ille
1035 820 1353 898 statuerit,
1385 819 1707 903 optimum
1741 818 2019 896 ducant3
2066 838 2186 880 nec
2217 819 2605 882 contendere

560 944 673 999 aut
694 955 920 1019 urgere
950 955 1066 1017 per
1096 955 1163 995 se
1194 931 1298 994 vel
1326 930 1524 993 alium
1554 922 1710 1013 (sive
1735 928 2127 991 concedatur
2145 929 2321 1011 quod
2342 929 2607 1014 petitur,

560 1047 690 1109 sive
733 1046 889 1127 non)
939 1055 1213 1127 pergant
1247 1066 1262 1104 ε
1328 1039 1854 1125 quandoquidem
1901 1038 2023 1101 sibi
2067 1039 2451 1122 persuadere
2498 1041 2610 1105 de-

555 1158 733 1235 bent,
780 1156 848 1219 id
895 1155 1102 1238 magis
1148 1153 1448 1238 expedire
1501 1151 1585 1214 ad
1638 1150 1930 1215 divinum
1982 1150 2492 1236 bene-placitum
2534 1175 2608 1217 ac

556 1290 747 1332 suum
799 1265 1010 1350 majus
1060 1265 1330 1343 bonum,
1390 1263 1566 1347 quod
1620 1262 1970 1347 Superiori,
2029 1284 2096 1325 re
2146 1262 2493 1343 intellecta,
2540 1265 2608 1328 in

560 1377 847 1442 Domino
878 1377 1089 1441 visum
1118 1375 1332 1438 fuerit.

473 1499 509 1553 2
558 1491 896 1555 Statuatur
939 1499 1198 1572 tempus
1242 1485 1497 1565 edendi,
1528 1486 1834 1566 cubandi,
1866 1487 2195 1571 surgendi,
2226 1489 2402 1571 quod
2432 1510 2608 1552 com-

561 1602 844 1666 muniter
872 1621 1097 1665 omnes
1128 1598 1492 1665 observent.

472 1722 512 1778 3
563 1714 643 1776 In
673 1713 772 1791 iis,
803 1734 949 1797 quae
981 1712 1064 1775 ad
1092 1710 1359 1789 victum,
1388 1711 1721 1789 vestitum,
1752 1722 1817 1774 et
1859 1710 2348 1790 habitationem,
2378 1724 2444 1776 et
2488 1713 2611 1777 alia

560 1823 808 1908 corpori
837 1821 1197 1887 necessaria
1225 1821 1578 1906 pertinent,
1610 1827 1871 1885 curetur
1900 1843 2052 1885 cum
2082 1821 2304 1886 divino
2333 1822 2608 1904 auxili03

555 1946 630 1998 ut
674 1933 946 2018 quanvis
992 1932 1098 2012 sit,
1141 1933 1211 1996 in
1252 1953 1381 2016 quo
1425 1932 1737 2018 probetur
1778 1932 2006 2012 virtuS,
2036 1945 2101 1997 et
2133 1934 2233 1998 sui
2263 1934 2467 2020 ipsius
2498 1936 2610 2001 ab·

557 2044 837 2130 negatiO,
867 2066 999 2108 non
1031 2043 1197 2107 desit
1242 2054 1482 2123 tamen,
1528 2066 1660 2127 quo
1705 2056 2106 2109 sustentetur
2150 2054 2401 2125 natura,
2432 2061 2497 2112 et
2527 2049 2611 2112 ad

555 2155 847 2220 divinum
877 2154 1261 2239 obsequium
1306 2154 1693 2239 laudemque
1740 2168 2175 2237 conservetur,
2205 2157 2428 2222 habita
2455 2180 2609 2224 con-

554 2264 840 2332 venienti
868 2266 1117 2330 ratione
1147 2286 1571 2350 personarum
1602 2265 1672 2329 in
1704 2266 2011 2331 Domino.

466 2387 506 2442 4
556 2379 652 2443 Ut
682 2400 816 2442 non
847 2377 1108 2463 expedit
1138 2388 1322 2441 tanto
1352 2377 1569 2442 labore
1602 2379 1917 2463 corporali
1947 2400 2319 2463 quenquam
2337 2383 2609 2461 onerari,

558 2500 633 2554 ut
675 2489 941 2575 spiritus
991 2488 1325 2569 obruatur,
1378 2500 1444 2554 et
1492 2512 1729 2575 corpus
1778 2490 2239 2555 detrimentum
2286 2492 2611 2576 patiatur3

555 2602 647 2665 ita
697 2600 913 2686 aliqua
962 2600 1311 2686 corporalis
1371 2599 1764 2680 exercitatio,
1825 2622 1972 2683 quae
2020 2608 2348 2686 utrunque
2399 2602 2609 2686 juvet,

555 2713 858 2779 omnibus
899 2713 1329 2778 communiter
1373 2712 1696 2790 convenit,
1739 2712 1933 2776 etiam
1973 2712 2122 2793 illis,
2162 2712 2275 2798 qui
2315 2716 2610 2779 mentali-

557 2826 680 2891 bus
742 2825 1059 2891 exercitiis
1109 2824 1349 2889 debent
1403 2823 1742 2904 insistere3
1810 2847 1956 2909 quae
2009 2825 2270 2909 quidem
2331 2828 2609 2892 externis

557 2938 942 3023 interrumpi
974 2937 1305 3017 deberent,
1327 2948 1392 3001 et
1423 2959 1557 3001 non
1588 2936 1972 3017 continuari,
1997 2960 2116 3004 nec
2148 2939 2284 3003 sine
2308 2961 2611 3005 mensura

557 3048 961 3113 discretionis
993 3049 1257 3113 assumi.

470 3168 506 3223 5
558 3161 865 3246 Corporis
906 3161 1243 3245 castigatio
1288 3161 1710 3225 immoderata
1747 3184 1886 3225 esse
1924 3185 2056 3226 non
2102 3163 2314 3243 debet,
2355 3186 2474 3229 nec
2510 3165 2610 3228 in-

556 3273 834 3337 discreta
862 3272 931 3336 in
961 3272 1195 3358 vigiliis
1236 3285 1301 3336 et
1341 3272 1772 3352 abstinentiis,
1813 3285 1878 3337 et
1923 3274 2061 3337 aliis
2095 3274 2494 3359 poenitentiis
2536 3299 2609 3340 ac

556 3383 884 3448 laboribus
916 3383 1240 3463 externis3
1286 3406 1433 3467 quae
1464 3395 1528 3447 et
1560 3391 2028 3447 nocumentum
2073 3385 2318 3463 afferre,
2363 3396 2427 3448 et
2473 3408 2609 3449 ma-

549 3493 693 3578 jora
720 3494 891 3559 bona
921 3494 1234 3579 impedire
1267 3495 1496 3557 solent.
1591 3493 1747 3557 Ideo
1795 3515 1912 3557 suo
1945 3494 2353 3559 Confessario
2394 3496 2609 3582 detegi

560 3606 640 3668 ab
688 3628 1077 3691 unoquoque
1132 3605 1432 3669 convenit
1495 3606 1808 3691 quicquid
1857 3606 1925 3670 in
1972 3608 2093 3671 hac
2142 3619 2324 3694 parte
2377 3609 2607 3689 faciat3

558 3718 669 3801 qui
722 3718 775 3782 si
826 3719 1081 3803 judicat
1129 3718 1350 3782 excedi
1394 3740 1789 3798 mensuram,
1843 3730 1955 3782 aut
1997 3721 2175 3792 certe
2224 3720 2479 3785 dubitat
2529 3722 2608 3785 de

556 3851 843 3909 excessu,
902 3831 1063 3894 illud
1124 3830 1207 3893 ad
1269 3830 1679 3914 Superiorem
1751 3830 2057 3893 remittat.
2151 3831 2315 3893 Haec
2391 3843 2607 3895 autem

555 3942 770 4004 omnia
803 3964 879 4006 eo
915 3943 1123 4019 fiunt3
1185 3952 1261 4003 ut
1302 3940 1535 4003 clarius
1563 3940 1972 4024 procedatur,
2003 3952 2068 4004 et
2098 3941 2166 4005 in
2197 3941 2429 4006 animis
2470 3966 2609 4008 cor-

554 4051 947 4137 poribusque
1009 4052 1248 4117 nostris
1309 4052 1453 4116 Deo
1515 4051 1802 4116 Domino
1863 4064 2085 4118 nostro
2145 4052 2349 4138 major
2407 4056 2610 4141 gloria

555 4163 898 4228 deferatur.

465 4283 506 4338 6
556 4274 656 4338 Sit
717 4276 949 4360 aliquis
1011 4277 1208 4356 domi,
1270 4278 1383 4362 qui
1442 4277 1664 4362 praesit
1717 4278 1785 4341 in
1833 4278 1931 4356 iis,
1982 4301 2126 4361 quae
2181 4278 2263 4342 ad
2324 4278 2606 4361 corporis
