<?xml version="1.0" encoding="UTF-8"?>
<!DOCTYPE html PUBLIC "-//W3C//DTD XHTML 1.0 Transitional//EN"
    "http://www.w3.org/TR/xhtml1/DTD/xhtml1-transitional.dtd">
<html xmlns="http://www.w3.org/1999/xhtml" xml:lang="en" lang="en">
 <head>
  <title>
</title>
<meta http-equiv="Content-Type" content="text/html;charset=utf-8" />
  <meta name='ocr-system' content='tesseract 3.04.00' />
  <meta name='ocr-capabilities' content='ocr_page ocr_carea ocr_par ocr_line ocrx_word'/>
</head>
<body>
  <div class='ocr_page' id='page_1' title='image "./constitutioness02jesugoog_0051.png"; bbox 0 0 3146 5014; ppageno 0'>
   <div class='ocr_carea' id='block_1_1' title="bbox 1218 510 2602 582">
    <p class='ocr_par' dir='ltr' id='par_1_1' title="bbox 1218 510 2602 582">
     <span class='ocr_line' id='line_1_1' title="bbox 1218 510 2602 582; baseline 0.003 -17"><span class='ocrx_word' id='word_1_1' title='bbox 1218 522 1401 566; x_wconf 79' lang='lat' dir='ltr'>PARS</span> <span class='ocrx_word' id='word_1_2' title='bbox 1452 525 1776 571; x_wconf 81' lang='lat' dir='ltr'><strong>QUARTA.</strong></span> <span class='ocrx_word' id='word_1_3' title='bbox 2519 510 2602 582; x_wconf 82' lang='lat'><strong>37</strong></span> 
     </span>
    </p>
   </div>
   <div class='ocr_carea' id='block_1_2' title="bbox 476 768 2537 829">
    <p class='ocr_par' dir='ltr' id='par_1_2' title="bbox 476 768 2537 829">
     <span class='ocr_line' id='line_1_2' title="bbox 476 768 2537 829; baseline 0.001 -16"><span class='ocrx_word' id='word_1_4' title='bbox 476 771 571 813; x_wconf 75' lang='lat' dir='ltr'><strong>DE</strong></span> <span class='ocrx_word' id='word_1_5' title='bbox 609 768 1150 829; x_wconf 77' lang='lat' dir='ltr'><strong>scHOLAS&#39;rmIS,</strong></span> <span class='ocrx_word' id='word_1_6' title='bbox 1185 772 1314 818; x_wconf 81' lang='lat' dir='ltr'><strong>QUI</strong></span> <span class='ocrx_word' id='word_1_7' title='bbox 1352 772 1431 815; x_wconf 92' lang='lat' dir='ltr'><strong>IN</strong></span> <span class='ocrx_word' id='word_1_8' title='bbox 1470 771 1859 815; x_wconf 65' lang='lat' dir='ltr'>COLLEGHS</span> <span class='ocrx_word' id='word_1_9' title='bbox 1896 772 2537 816; x_wconf 74' lang='lat' dir='ltr'><strong>CONSTITUENTUR.</strong></span> 
     </span>
    </p>
   </div>
   <div class='ocr_carea' id='block_1_3' title="bbox 437 1020 2635 4089">
    <p class='ocr_par' dir='ltr' id='par_1_3' title="bbox 456 1020 2598 1438">
     <span class='ocr_line' id='line_1_3' title="bbox 456 1020 2592 1106; baseline 0.002 -24"><span class='ocrx_word' id='word_1_10' title='bbox 456 1027 485 1082; x_wconf 95' lang='lat'>1</span> <span class='ocrx_word' id='word_1_11' title='bbox 544 1022 762 1086; x_wconf 73' lang='lat' dir='ltr'><strong>QUOD</strong></span> <span class='ocrx_word' id='word_1_12' title='bbox 795 1021 876 1083; x_wconf 89' lang='lat' dir='ltr'><strong>ad</strong></span> <span class='ocrx_word' id='word_1_13' title='bbox 909 1020 1340 1086; x_wconf 88' lang='lat' dir='ltr'><strong>Scholasticos</strong></span> <span class='ocrx_word' id='word_1_14' title='bbox 1383 1023 1636 1100; x_wconf 86' lang='lat' dir='ltr'><strong>attinet,</strong></span> <span class='ocrx_word' id='word_1_15' title='bbox 1668 1023 1752 1085; x_wconf 87' lang='lat' dir='ltr'><strong>ad</strong></span> <span class='ocrx_word' id='word_1_16' title='bbox 1792 1044 2070 1106; x_wconf 91' lang='lat' dir='ltr'><strong>quorum</strong></span> <span class='ocrx_word' id='word_1_17' title='bbox 2114 1022 2592 1086; x_wconf 89' lang='lat' dir='ltr'><strong>institutionem</strong></span> 
     </span>
     <span class='ocr_line' id='line_1_4' title="bbox 544 1133 2598 1220; baseline 0.001 -24"><span class='ocrx_word' id='word_1_18' title='bbox 544 1133 831 1217; x_wconf 86' lang='lat' dir='ltr'><strong>Collegia</strong></span> <span class='ocrx_word' id='word_1_19' title='bbox 862 1142 1304 1215; x_wconf 88' lang='lat' dir='ltr'><strong>assumuntur,</strong></span> <span class='ocrx_word' id='word_1_20' title='bbox 1336 1135 1404 1198; x_wconf 91' lang='lat' dir='ltr'><strong>in</strong></span> <span class='ocrx_word' id='word_1_21' title='bbox 1449 1135 1676 1220; x_wconf 88' lang='lat' dir='ltr'><strong>primis</strong></span> <span class='ocrx_word' id='word_1_22' title='bbox 1722 1135 1944 1219; x_wconf 87' lang='lat' dir='ltr'><strong>quales</strong></span> <span class='ocrx_word' id='word_1_23' title='bbox 1989 1158 2128 1199; x_wconf 87' lang='lat' dir='ltr'><strong>esse</strong></span> <span class='ocrx_word' id='word_1_24' title='bbox 2183 1135 2482 1214; x_wconf 88' lang='lat' dir='ltr'><strong>debeant,</strong></span> <span class='ocrx_word' id='word_1_25' title='bbox 2523 1144 2598 1199; x_wconf 91' lang='lat' dir='ltr'><strong>ut</strong></span> 
     </span>
     <span class='ocr_line' id='line_1_5' title="bbox 539 1244 2594 1326; baseline 0.001 -20"><span class='ocrx_word' id='word_1_26' title='bbox 539 1245 621 1307; x_wconf 88' lang='lat' dir='ltr'><strong>ad</strong></span> <span class='ocrx_word' id='word_1_27' title='bbox 680 1266 755 1308; x_wconf 87' lang='lat' dir='ltr'><strong>ea</strong></span> <span class='ocrx_word' id='word_1_28' title='bbox 812 1244 915 1308; x_wconf 89' lang='lat' dir='ltr'><strong>vel</strong></span> <span class='ocrx_word' id='word_1_29' title='bbox 976 1245 1338 1324; x_wconf 86' lang='lat' dir='ltr'><strong>mittantur,</strong></span> <span class='ocrx_word' id='word_1_30' title='bbox 1399 1246 1501 1310; x_wconf 89' lang='lat' dir='ltr'><strong>vel</strong></span> <span class='ocrx_word' id='word_1_31' title='bbox 1562 1246 2012 1326; x_wconf 76' lang='lat' dir='ltr'><strong>admittantur,</strong></span> <span class='ocrx_word' id='word_1_32' title='bbox 2074 1246 2477 1310; x_wconf 87' lang='lat' dir='ltr'><strong>considerare</strong></span> <span class='ocrx_word' id='word_1_33' title='bbox 2526 1247 2594 1309; x_wconf 93' lang='lat' dir='ltr'><strong>in</strong></span> 
     </span>
     <span class='ocr_line' id='line_1_6' title="bbox 538 1354 1199 1438; baseline 0.005 -22"><span class='ocrx_word' id='word_1_34' title='bbox 538 1354 824 1417; x_wconf 92' lang='lat' dir='ltr'><strong>Domino</strong></span> <span class='ocrx_word' id='word_1_35' title='bbox 855 1355 1199 1438; x_wconf 87' lang='lat' dir='ltr'><strong>oportebit.</strong></span> 
     </span>
    </p>

    <p class='ocr_par' dir='ltr' id='par_1_4' title="bbox 454 1465 2635 2664">
     <span class='ocr_line' id='line_1_7' title="bbox 454 1465 2595 1554; baseline 0.002 -28"><span class='ocrx_word' id='word_1_36' title='bbox 454 1471 491 1526; x_wconf 85' lang='lat'>2</span> <span class='ocrx_word' id='word_1_37' title='bbox 540 1465 830 1527; x_wconf 88' lang='lat' dir='ltr'><strong>Primum</strong></span> <span class='ocrx_word' id='word_1_38' title='bbox 871 1466 1165 1529; x_wconf 89' lang='lat' dir='ltr'><strong>omnium</strong></span> <span class='ocrx_word' id='word_1_39' title='bbox 1219 1489 1369 1530; x_wconf 87' lang='lat' dir='ltr'><strong>cum</strong></span> <span class='ocrx_word' id='word_1_40' title='bbox 1418 1468 1636 1553; x_wconf 86' lang='lat' dir='ltr'><strong>aliquo</strong></span> <span class='ocrx_word' id='word_1_41' title='bbox 1685 1491 1764 1531; x_wconf 90' lang='lat' dir='ltr'><strong>ex</strong></span> <span class='ocrx_word' id='word_1_42' title='bbox 1813 1468 2102 1554; x_wconf 91' lang='lat' dir='ltr'><strong>quinque</strong></span> <span class='ocrx_word' id='word_1_43' title='bbox 2145 1468 2273 1532; x_wconf 87' lang='lat' dir='ltr'><strong>illis</strong></span> <span class='ocrx_word' id='word_1_44' title='bbox 2318 1468 2595 1553; x_wconf 88' lang='lat' dir='ltr'><strong>impedi-</strong></span> 
     </span>
     <span class='ocr_line' id='line_1_8' title="bbox 536 1562 2635 1667; baseline 0.003 -29"><span class='ocrx_word' id='word_1_45' title='bbox 536 1576 773 1639; x_wconf 82' lang='lat' dir='ltr'><strong>mentis</strong></span> <span class='ocrx_word' id='word_1_46' title='bbox 804 1576 873 1640; x_wconf 93' lang='lat' dir='ltr'><strong>in</strong></span> <span class='ocrx_word' id='word_1_47' title='bbox 908 1576 1212 1642; x_wconf 88' lang='lat' dir='ltr'><strong>Secunda</strong></span> <span class='ocrx_word' id='word_1_48' title='bbox 1245 1579 1433 1642; x_wconf 89' lang='lat' dir='ltr'><strong>Parte</strong></span> <span class='ocrx_word' id='word_1_49' title='bbox 1465 1579 1657 1643; x_wconf 90' lang='lat' dir='ltr'><strong>dictis</strong></span> <span class='ocrx_word' id='word_1_50' title='bbox 1689 1580 1909 1643; x_wconf 88' lang='lat' dir='ltr'><strong>nullus</strong></span> <span class='ocrx_word' id='word_1_51' title='bbox 1940 1580 2006 1644; x_wconf 92' lang='lat' dir='ltr'><strong>in</strong></span> <span class='ocrx_word' id='word_1_52' title='bbox 2042 1581 2332 1667; x_wconf 83' lang='lat' dir='ltr'><strong>Collegio</strong></span> <span class='ocrx_word' id='word_1_53' title='bbox 2378 1580 2594 1665; x_wconf 89' lang='lat' dir='ltr'><strong>aliquo</strong></span> <span class='ocrx_word' id='word_1_54' title='bbox 2627 1562 2635 1570; x_wconf 90' lang='lat'><strong>.</strong></span> 
     </span>
     <span class='ocr_line' id='line_1_9' title="bbox 541 1686 2596 1776; baseline 0.002 -26"><span class='ocrx_word' id='word_1_55' title='bbox 541 1686 878 1750; x_wconf 87' lang='lat' dir='ltr'><strong>Societatis</strong></span> <span class='ocrx_word' id='word_1_56' title='bbox 909 1687 1080 1751; x_wconf 89' lang='lat' dir='ltr'><strong>inter</strong></span> <span class='ocrx_word' id='word_1_57' title='bbox 1100 1688 1533 1753; x_wconf 88' lang='lat' dir='ltr'><strong>Scholasticos</strong></span> <span class='ocrx_word' id='word_1_58' title='bbox 1566 1690 1863 1753; x_wconf 86' lang='lat' dir='ltr'><strong>collocari</strong></span> <span class='ocrx_word' id='word_1_59' title='bbox 1892 1691 2150 1776; x_wconf 89' lang='lat' dir='ltr'><strong>poterit.</strong></span> <span class='ocrx_word' id='word_1_60' title='bbox 2241 1692 2331 1754; x_wconf 91' lang='lat' dir='ltr'><strong>Et</strong></span> <span class='ocrx_word' id='word_1_61' title='bbox 2360 1703 2596 1776; x_wconf 86' lang='lat' dir='ltr'><strong>praeter</strong></span> 
     </span>
     <span class='ocr_line' id='line_1_10' title="bbox 545 1797 2591 1886; baseline 0.002 -25"><span class='ocrx_word' id='word_1_62' title='bbox 545 1797 966 1883; x_wconf 88' lang='lat' dir='ltr'><strong>Coadjutores</strong></span> <span class='ocrx_word' id='word_1_63' title='bbox 1010 1800 1092 1863; x_wconf 90' lang='lat' dir='ltr'><strong>ad</strong></span> <span class='ocrx_word' id='word_1_64' title='bbox 1136 1801 1493 1864; x_wconf 89' lang='lat' dir='ltr'><strong>ministeria</strong></span> <span class='ocrx_word' id='word_1_65' title='bbox 1543 1802 1647 1865; x_wconf 88' lang='lat' dir='ltr'><strong>vel</strong></span> <span class='ocrx_word' id='word_1_66' title='bbox 1687 1802 2000 1865; x_wconf 88' lang='lat' dir='ltr'><strong>auxilium</strong></span> <span class='ocrx_word' id='word_1_67' title='bbox 2050 1802 2324 1886; x_wconf 84' lang='lat' dir='ltr'><strong>Collegii</strong></span> <span class='ocrx_word' id='word_1_68' title='bbox 2368 1824 2591 1866; x_wconf 89' lang='lat' dir='ltr'><strong>neces-</strong></span> 
     </span>
     <span class='ocr_line' id='line_1_11' title="bbox 540 1910 2589 1996; baseline 0.002 -24"><span class='ocrx_word' id='word_1_69' title='bbox 540 1910 758 1989; x_wconf 77' lang='lat' dir='ltr'><strong>sariOS,</strong></span> <span class='ocrx_word' id='word_1_70' title='bbox 775 1910 1005 1995; x_wconf 87' lang='lat' dir='ltr'><strong>reliqui</strong></span> <span class='ocrx_word' id='word_1_71' title='bbox 1036 1911 1412 1996; x_wconf 89' lang='lat' dir='ltr'><strong>hujusmodi</strong></span> <span class='ocrx_word' id='word_1_72' title='bbox 1443 1934 1583 1976; x_wconf 88' lang='lat' dir='ltr'><strong>esse</strong></span> <span class='ocrx_word' id='word_1_73' title='bbox 1615 1912 1877 1992; x_wconf 90' lang='lat' dir='ltr'><strong>debent,</strong></span> <span class='ocrx_word' id='word_1_74' title='bbox 1896 1923 1972 1976; x_wconf 92' lang='lat' dir='ltr'><strong>ut</strong></span> <span class='ocrx_word' id='word_1_75' title='bbox 2003 1913 2365 1976; x_wconf 88' lang='lat' dir='ltr'><strong>secundum</strong></span> <span class='ocrx_word' id='word_1_76' title='bbox 2395 1913 2589 1977; x_wconf 90' lang='lat' dir='ltr'><strong>ratio-</strong></span> 
     </span>
     <span class='ocr_line' id='line_1_12' title="bbox 534 2022 2589 2107; baseline 0.002 -25"><span class='ocrx_word' id='word_1_77' title='bbox 534 2042 685 2083; x_wconf 90' lang='lat' dir='ltr'><strong>nem</strong></span> <span class='ocrx_word' id='word_1_78' title='bbox 727 2022 968 2106; x_wconf 87' lang='lat' dir='ltr'><strong>sperari</strong></span> <span class='ocrx_word' id='word_1_79' title='bbox 1015 2023 1245 2107; x_wconf 82' lang='lat' dir='ltr'><strong>possit,</strong></span> <span class='ocrx_word' id='word_1_80' title='bbox 1287 2023 1553 2087; x_wconf 90' lang='lat' dir='ltr'><strong>idoneos</strong></span> <span class='ocrx_word' id='word_1_81' title='bbox 1608 2024 1691 2086; x_wconf 87' lang='lat' dir='ltr'><strong>ad</strong></span> <span class='ocrx_word' id='word_1_82' title='bbox 1729 2023 1984 2087; x_wconf 87' lang='lat' dir='ltr'><strong>vineam</strong></span> <span class='ocrx_word' id='word_1_83' title='bbox 2032 2023 2279 2088; x_wconf 87' lang='lat' dir='ltr'><strong>Christi</strong></span> <span class='ocrx_word' id='word_1_84' title='bbox 2318 2023 2589 2087; x_wconf 90' lang='lat' dir='ltr'><strong>Domini</strong></span> 
     </span>
     <span class='ocr_line' id='line_1_13' title="bbox 535 2134 2590 2218; baseline 0.002 -23"><span class='ocrx_word' id='word_1_85' title='bbox 535 2143 755 2196; x_wconf 89' lang='lat' dir='ltr'><strong>nostro</strong></span> <span class='ocrx_word' id='word_1_86' title='bbox 788 2134 1082 2218; x_wconf 88' lang='lat' dir='ltr'><strong>exemplo</strong></span> <span class='ocrx_word' id='word_1_87' title='bbox 1113 2157 1187 2198; x_wconf 87' lang='lat' dir='ltr'><strong>ao</strong></span> <span class='ocrx_word' id='word_1_88' title='bbox 1218 2135 1577 2199; x_wconf 87' lang='lat' dir='ltr'><strong>doctrinam</strong></span> <span class='ocrx_word' id='word_1_89' title='bbox 1620 2136 2037 2199; x_wconf 87' lang='lat' dir='ltr'><strong>excolendam</strong></span> <span class='ocrx_word' id='word_1_90' title='bbox 2081 2157 2220 2199; x_wconf 89' lang='lat' dir='ltr'><strong>esse</strong></span> <span class='ocrx_word' id='word_1_91' title='bbox 2267 2156 2590 2199; x_wconf 88' lang='lat' dir='ltr'><strong>evasuros.</strong></span> 
     </span>
     <span class='ocr_line' id='line_1_14' title="bbox 536 2244 2586 2332; baseline 0 -24"><span class='ocrx_word' id='word_1_92' title='bbox 536 2244 629 2308; x_wconf 92' lang='lat' dir='ltr'><strong>Hi</strong></span> <span class='ocrx_word' id='word_1_93' title='bbox 661 2256 878 2309; x_wconf 90' lang='lat' dir='ltr'><strong>autem</strong></span> <span class='ocrx_word' id='word_1_94' title='bbox 911 2268 1041 2330; x_wconf 93' lang='lat' dir='ltr'><strong>quo</strong></span> <span class='ocrx_word' id='word_1_95' title='bbox 1071 2247 1280 2332; x_wconf 87' lang='lat' dir='ltr'><strong>magis</strong></span> <span class='ocrx_word' id='word_1_96' title='bbox 1311 2247 1653 2331; x_wconf 85' lang='lat' dir='ltr'><strong>ingeniosi,</strong></span> <span class='ocrx_word' id='word_1_97' title='bbox 1682 2247 2001 2332; x_wconf 90' lang='lat' dir='ltr'><strong>bonisque</strong></span> <span class='ocrx_word' id='word_1_98' title='bbox 2032 2247 2323 2311; x_wconf 88' lang='lat' dir='ltr'><strong>moribus</strong></span> <span class='ocrx_word' id='word_1_99' title='bbox 2354 2247 2586 2326; x_wconf 88' lang='lat' dir='ltr'><strong>ornati,</strong></span> 
     </span>
     <span class='ocr_line' id='line_1_15' title="bbox 534 2356 2589 2441; baseline 0.001 -22"><span class='ocrx_word' id='word_1_100' title='bbox 534 2366 599 2419; x_wconf 91' lang='lat' dir='ltr'><strong>et</strong></span> <span class='ocrx_word' id='word_1_101' title='bbox 645 2356 785 2420; x_wconf 89' lang='lat' dir='ltr'><strong>sani</strong></span> <span class='ocrx_word' id='word_1_102' title='bbox 830 2379 1096 2441; x_wconf 85' lang='lat' dir='ltr'><strong>corpore</strong></span> <span class='ocrx_word' id='word_1_103' title='bbox 1140 2358 1221 2420; x_wconf 91' lang='lat' dir='ltr'><strong>ad</strong></span> <span class='ocrx_word' id='word_1_104' title='bbox 1268 2359 1567 2422; x_wconf 90' lang='lat' dir='ltr'><strong>ferendos</strong></span> <span class='ocrx_word' id='word_1_105' title='bbox 1607 2358 1970 2422; x_wconf 89' lang='lat' dir='ltr'><strong>studiorum</strong></span> <span class='ocrx_word' id='word_1_106' title='bbox 2016 2359 2267 2422; x_wconf 89' lang='lat' dir='ltr'><strong>labores</strong></span> <span class='ocrx_word' id='word_1_107' title='bbox 2307 2358 2589 2438; x_wconf 85' lang='lat' dir='ltr'><strong>fuerint3</strong></span> 
     </span>
     <span class='ocr_line' id='line_1_16' title="bbox 533 2468 2583 2555; baseline 0.001 -24"><span class='ocrx_word' id='word_1_108' title='bbox 533 2489 607 2531; x_wconf 90' lang='lat' dir='ltr'><strong>eo</strong></span> <span class='ocrx_word' id='word_1_109' title='bbox 639 2468 847 2553; x_wconf 84' lang='lat' dir='ltr'><strong>magis</strong></span> <span class='ocrx_word' id='word_1_110' title='bbox 878 2468 1116 2549; x_wconf 91' lang='lat' dir='ltr'><strong>idonei,</strong></span> <span class='ocrx_word' id='word_1_111' title='bbox 1140 2480 1205 2533; x_wconf 92' lang='lat' dir='ltr'><strong>et</strong></span> <span class='ocrx_word' id='word_1_112' title='bbox 1237 2469 1427 2533; x_wconf 87' lang='lat' dir='ltr'><strong>citius</strong></span> <span class='ocrx_word' id='word_1_113' title='bbox 1460 2470 1542 2533; x_wconf 89' lang='lat' dir='ltr'><strong>ad</strong></span> <span class='ocrx_word' id='word_1_114' title='bbox 1568 2469 1859 2555; x_wconf 83' lang='lat' dir='ltr'><strong>Collegia</strong></span> <span class='ocrx_word' id='word_1_115' title='bbox 1887 2469 2081 2549; x_wconf 90' lang='lat' dir='ltr'><strong>mitti,</strong></span> <span class='ocrx_word' id='word_1_116' title='bbox 2111 2469 2214 2534; x_wconf 88' lang='lat' dir='ltr'><strong>vel</strong></span> <span class='ocrx_word' id='word_1_117' title='bbox 2242 2468 2311 2533; x_wconf 91' lang='lat' dir='ltr'><strong>in</strong></span> <span class='ocrx_word' id='word_1_118' title='bbox 2343 2468 2583 2534; x_wconf 87' lang='lat' dir='ltr'><strong>eisdem</strong></span> 
     </span>
     <span class='ocr_line' id='line_1_17' title="bbox 531 2579 1113 2664; baseline 0.005 -23"><span class='ocrx_word' id='word_1_119' title='bbox 531 2579 785 2642; x_wconf 86' lang='lat' dir='ltr'><strong>admitti</strong></span> <span class='ocrx_word' id='word_1_120' title='bbox 815 2592 1113 2664; x_wconf 89' lang='lat' dir='ltr'><strong>possunt.</strong></span> 
     </span>
    </p>

    <p class='ocr_par' dir='ltr' id='par_1_5' title="bbox 441 2689 2585 3308">
     <span class='ocr_line' id='line_1_18' title="bbox 441 2689 2585 2776; baseline 0.001 -25"><span class='ocrx_word' id='word_1_121' title='bbox 441 2696 482 2752; x_wconf 88' lang='lat'><strong>3</strong></span> <span class='ocrx_word' id='word_1_122' title='bbox 529 2689 638 2752; x_wconf 93' lang='lat' dir='ltr'><strong>Ad</strong></span> <span class='ocrx_word' id='word_1_123' title='bbox 668 2690 828 2768; x_wconf 86' lang='lat' dir='ltr'><strong>haeo,</strong></span> <span class='ocrx_word' id='word_1_124' title='bbox 858 2690 951 2753; x_wconf 93' lang='lat' dir='ltr'><strong>illi</strong></span> <span class='ocrx_word' id='word_1_125' title='bbox 983 2691 1191 2754; x_wconf 73' lang='lat' dir='ltr'><strong>solum</strong></span> <span class='ocrx_word' id='word_1_126' title='bbox 1222 2691 1290 2754; x_wconf 92' lang='lat' dir='ltr'><strong>in</strong></span> <span class='ocrx_word' id='word_1_127' title='bbox 1325 2690 1760 2755; x_wconf 86' lang='lat' dir='ltr'><strong>Scholasticos</strong></span> <span class='ocrx_word' id='word_1_128' title='bbox 1802 2690 2193 2776; x_wconf 88' lang='lat' dir='ltr'><strong>approbatos</strong></span> <span class='ocrx_word' id='word_1_129' title='bbox 2238 2689 2585 2754; x_wconf 88' lang='lat' dir='ltr'><strong>admitten-</strong></span> 
     </span>
     <span class='ocr_line' id='line_1_19' title="bbox 531 2800 2585 2887; baseline 0.002 -25"><span class='ocrx_word' id='word_1_130' title='bbox 531 2811 659 2878; x_wconf 91' lang='lat' dir='ltr'><strong>tur,</strong></span> <span class='ocrx_word' id='word_1_131' title='bbox 692 2800 806 2884; x_wconf 93' lang='lat' dir='ltr'><strong>qui</strong></span> <span class='ocrx_word' id='word_1_132' title='bbox 835 2801 902 2863; x_wconf 90' lang='lat' dir='ltr'><strong>in</strong></span> <span class='ocrx_word' id='word_1_133' title='bbox 935 2800 1236 2865; x_wconf 85' lang='lat' dir='ltr'><strong>domibus</strong></span> <span class='ocrx_word' id='word_1_134' title='bbox 1267 2802 1370 2866; x_wconf 89' lang='lat' dir='ltr'><strong>vel</strong></span> <span class='ocrx_word' id='word_1_135' title='bbox 1402 2802 1709 2887; x_wconf 86' lang='lat' dir='ltr'><strong>Collegiis</strong></span> <span class='ocrx_word' id='word_1_136' title='bbox 1740 2803 1899 2886; x_wconf 91' lang='lat' dir='ltr'><strong>ipsis</strong></span> <span class='ocrx_word' id='word_1_137' title='bbox 1930 2801 2187 2887; x_wconf 89' lang='lat' dir='ltr'><strong>probati</strong></span> <span class='ocrx_word' id='word_1_138' title='bbox 2225 2802 2488 2882; x_wconf 88' lang='lat' dir='ltr'><strong>fuerint,</strong></span> <span class='ocrx_word' id='word_1_139' title='bbox 2519 2814 2585 2867; x_wconf 89' lang='lat' dir='ltr'><strong>et</strong></span> 
     </span>
     <span class='ocr_line' id='line_1_20' title="bbox 529 2910 2585 2997; baseline 0.002 -24"><span class='ocrx_word' id='word_1_140' title='bbox 529 2910 792 2974; x_wconf 89' lang='lat' dir='ltr'><strong>biennio</strong></span> <span class='ocrx_word' id='word_1_141' title='bbox 842 2910 911 2973; x_wconf 90' lang='lat' dir='ltr'><strong>in</strong></span> <span class='ocrx_word' id='word_1_142' title='bbox 958 2911 1150 2975; x_wconf 88' lang='lat' dir='ltr'><strong>variis</strong></span> <span class='ocrx_word' id='word_1_143' title='bbox 1192 2913 1648 2997; x_wconf 88' lang='lat' dir='ltr'><strong>experimentis</strong></span> <span class='ocrx_word' id='word_1_144' title='bbox 1699 2921 1764 2976; x_wconf 91' lang='lat' dir='ltr'><strong>et</strong></span> <span class='ocrx_word' id='word_1_145' title='bbox 1810 2912 2302 2997; x_wconf 88' lang='lat' dir='ltr'><strong>probationibus</strong></span> <span class='ocrx_word' id='word_1_146' title='bbox 2338 2924 2585 2994; x_wconf 84' lang='lat' dir='ltr'><strong>exaotO,</strong></span> 
     </span>
     <span class='ocr_line' id='line_1_21' title="bbox 529 3021 2581 3110; baseline 0.003 -27"><span class='ocrx_word' id='word_1_147' title='bbox 529 3043 602 3084; x_wconf 88' lang='lat' dir='ltr'><strong>ac</strong></span> <span class='ocrx_word' id='word_1_148' title='bbox 649 3021 818 3086; x_wconf 87' lang='lat' dir='ltr'><strong>votis</strong></span> <span class='ocrx_word' id='word_1_149' title='bbox 872 3043 1022 3085; x_wconf 87' lang='lat' dir='ltr'><strong>cum</strong></span> <span class='ocrx_word' id='word_1_150' title='bbox 1073 3022 1499 3107; x_wconf 90' lang='lat' dir='ltr'><strong>promissione</strong></span> <span class='ocrx_word' id='word_1_151' title='bbox 1553 3024 1634 3087; x_wconf 94' lang='lat' dir='ltr'><strong>de</strong></span> <span class='ocrx_word' id='word_1_152' title='bbox 1690 3023 2029 3087; x_wconf 88' lang='lat' dir='ltr'><strong>Societatis</strong></span> <span class='ocrx_word' id='word_1_153' title='bbox 2088 3023 2386 3108; x_wconf 85' lang='lat' dir='ltr'><strong>ingressu</strong></span> <span class='ocrx_word' id='word_1_154' title='bbox 2441 3024 2581 3110; x_wconf 85' lang='lat' dir='ltr'><strong>jam</strong></span> 
     </span>
     <span class='ocr_line' id='line_1_22' title="bbox 531 3132 2582 3221; baseline 0.002 -26"><span class='ocrx_word' id='word_1_155' title='bbox 531 3132 806 3208; x_wconf 87' lang='lat' dir='ltr'><strong>emissis,</strong></span> <span class='ocrx_word' id='word_1_156' title='bbox 839 3133 921 3196; x_wconf 91' lang='lat' dir='ltr'><strong>ad</strong></span> <span class='ocrx_word' id='word_1_157' title='bbox 950 3133 1151 3197; x_wconf 86' lang='lat' dir='ltr'><strong>vitam</strong></span> <span class='ocrx_word' id='word_1_158' title='bbox 1180 3134 1249 3197; x_wconf 91' lang='lat' dir='ltr'><strong>in</strong></span> <span class='ocrx_word' id='word_1_159' title='bbox 1279 3135 1423 3220; x_wconf 89' lang='lat' dir='ltr'><strong>ipsa</strong></span> <span class='ocrx_word' id='word_1_160' title='bbox 1448 3145 1766 3220; x_wconf 90' lang='lat' dir='ltr'><strong>perpetuo</strong></span> <span class='ocrx_word' id='word_1_161' title='bbox 1797 3135 2158 3199; x_wconf 85' lang='lat' dir='ltr'><strong>ducendam</strong></span> <span class='ocrx_word' id='word_1_162' title='bbox 2200 3136 2283 3199; x_wconf 89' lang='lat' dir='ltr'><strong>ad</strong></span> <span class='ocrx_word' id='word_1_163' title='bbox 2311 3136 2582 3221; x_wconf 85' lang='lat' dir='ltr'><strong>gloriam</strong></span> 
     </span>
     <span class='ocr_line' id='line_1_23' title="bbox 527 3242 1125 3308; baseline 0.005 -4"><span class='ocrx_word' id='word_1_164' title='bbox 527 3242 653 3305; x_wconf 90' lang='lat' dir='ltr'><strong>Dei</strong></span> <span class='ocrx_word' id='word_1_165' title='bbox 680 3243 1125 3308; x_wconf 85' lang='lat' dir='ltr'><strong>admittentur.</strong></span> 
     </span>
    </p>

    <p class='ocr_par' dir='ltr' id='par_1_6' title="bbox 437 3353 2581 4089">
     <span class='ocr_line' id='line_1_24' title="bbox 437 3353 2581 3440; baseline 0.002 -26"><span class='ocrx_word' id='word_1_166' title='bbox 437 3361 480 3414; x_wconf 90' lang='lat'>4</span> <span class='ocrx_word' id='word_1_167' title='bbox 531 3353 773 3417; x_wconf 76' lang='lat' dir='ltr'><strong>Praeter</strong></span> <span class='ocrx_word' id='word_1_168' title='bbox 823 3355 965 3434; x_wconf 89' lang='lat' dir='ltr'><strong>hos,</strong></span> <span class='ocrx_word' id='word_1_169' title='bbox 1015 3355 1231 3419; x_wconf 80' lang='lat' dir='ltr'><strong>studia</strong></span> <span class='ocrx_word' id='word_1_170' title='bbox 1289 3356 1680 3440; x_wconf 89' lang='lat' dir='ltr'><strong>quibusdam</strong></span> <span class='ocrx_word' id='word_1_171' title='bbox 1741 3355 2208 3434; x_wconf 89' lang='lat' dir='ltr'><strong>conceduntur,</strong></span> <span class='ocrx_word' id='word_1_172' title='bbox 2266 3355 2380 3439; x_wconf 93' lang='lat' dir='ltr'><strong>qui</strong></span> <span class='ocrx_word' id='word_1_173' title='bbox 2432 3363 2581 3418; x_wconf 88' lang='lat' dir='ltr'><strong>ante</strong></span> 
     </span>
     <span class='ocr_line' id='line_1_25' title="bbox 528 3464 2581 3552; baseline 0.002 -25"><span class='ocrx_word' id='word_1_174' title='bbox 528 3464 861 3529; x_wconf 90' lang='lat' dir='ltr'><strong>biennium</strong></span> <span class='ocrx_word' id='word_1_175' title='bbox 928 3479 993 3531; x_wconf 92' lang='lat' dir='ltr'><strong>et</strong></span> <span class='ocrx_word' id='word_1_176' title='bbox 1064 3467 1480 3552; x_wconf 89' lang='lat' dir='ltr'><strong>probationes</strong></span> <span class='ocrx_word' id='word_1_177' title='bbox 1553 3466 1929 3552; x_wconf 85' lang='lat' dir='ltr'><strong>hujusmodi</strong></span> <span class='ocrx_word' id='word_1_178' title='bbox 2003 3467 2086 3530; x_wconf 87' lang='lat' dir='ltr'><strong>ad</strong></span> <span class='ocrx_word' id='word_1_179' title='bbox 2152 3466 2442 3551; x_wconf 84' lang='lat' dir='ltr'><strong>Collegia</strong></span> <span class='ocrx_word' id='word_1_180' title='bbox 2501 3489 2581 3531; x_wconf 86' lang='lat' dir='ltr'><strong>ex</strong></span> 
     </span>
     <span class='ocr_line' id='line_1_26' title="bbox 530 3575 2576 3665; baseline 0.003 -28"><span class='ocrx_word' id='word_1_181' title='bbox 530 3575 828 3639; x_wconf 90' lang='lat' dir='ltr'><strong>domibus</strong></span> <span class='ocrx_word' id='word_1_182' title='bbox 888 3577 1298 3642; x_wconf 88' lang='lat' dir='ltr'><strong>destinantur</strong></span> <span class='ocrx_word' id='word_1_183' title='bbox 1362 3578 1563 3662; x_wconf 76' lang='lat' dir='ltr'><strong>(quod</strong></span> <span class='ocrx_word' id='word_1_184' title='bbox 1641 3579 1731 3642; x_wconf 91' lang='lat' dir='ltr'><strong>sic</strong></span> <span class='ocrx_word' id='word_1_185' title='bbox 1799 3579 1866 3642; x_wconf 92' lang='lat' dir='ltr'><strong>in</strong></span> <span class='ocrx_word' id='word_1_186' title='bbox 1929 3579 2217 3644; x_wconf 92' lang='lat' dir='ltr'><strong>Domino</strong></span> <span class='ocrx_word' id='word_1_187' title='bbox 2277 3579 2576 3665; x_wconf 85' lang='lat' dir='ltr'><strong>expedire</strong></span> 
     </span>
     <span class='ocr_line' id='line_1_27' title="bbox 526 3686 2574 3778; baseline 0.003 -28"><span class='ocrx_word' id='word_1_188' title='bbox 526 3686 839 3771; x_wconf 87' lang='lat' dir='ltr'><strong>videatur)</strong></span> <span class='ocrx_word' id='word_1_189' title='bbox 875 3700 987 3753; x_wconf 86' lang='lat' dir='ltr'><strong>aut</strong></span> <span class='ocrx_word' id='word_1_190' title='bbox 1017 3689 1085 3753; x_wconf 92' lang='lat' dir='ltr'><strong>in</strong></span> <span class='ocrx_word' id='word_1_191' title='bbox 1117 3690 1359 3753; x_wconf 89' lang='lat' dir='ltr'><strong>eisdem</strong></span> <span class='ocrx_word' id='word_1_192' title='bbox 1390 3691 1864 3771; x_wconf 86' lang='lat' dir='ltr'><strong>admittuntur3</strong></span> <span class='ocrx_word' id='word_1_193' title='bbox 1910 3715 2043 3756; x_wconf 91' lang='lat' dir='ltr'><strong>non</strong></span> <span class='ocrx_word' id='word_1_194' title='bbox 2089 3703 2308 3757; x_wconf 88' lang='lat' dir='ltr'><strong>tamen</strong></span> <span class='ocrx_word' id='word_1_195' title='bbox 2340 3714 2574 3778; x_wconf 87' lang='lat' dir='ltr'><strong>appro-</strong></span> 
     </span>
     <span class='ocr_line' id='line_1_28' title="bbox 521 3797 2572 3882; baseline 0.002 -22"><span class='ocrx_word' id='word_1_196' title='bbox 521 3797 656 3861; x_wconf 91' lang='lat' dir='ltr'><strong>bati</strong></span> <span class='ocrx_word' id='word_1_197' title='bbox 688 3799 1069 3864; x_wconf 84' lang='lat' dir='ltr'><strong>Scholastici</strong></span> <span class='ocrx_word' id='word_1_198' title='bbox 1099 3812 1466 3882; x_wconf 88' lang='lat' dir='ltr'><strong>censentur,</strong></span> <span class='ocrx_word' id='word_1_199' title='bbox 1497 3804 1703 3866; x_wconf 85' lang='lat' dir='ltr'><strong>donec</strong></span> <span class='ocrx_word' id='word_1_200' title='bbox 1732 3801 1996 3865; x_wconf 88' lang='lat' dir='ltr'><strong>biennio</strong></span> <span class='ocrx_word' id='word_1_201' title='bbox 2040 3813 2264 3865; x_wconf 88' lang='lat' dir='ltr'><strong>exacto</strong></span> <span class='ocrx_word' id='word_1_202' title='bbox 2311 3815 2376 3863; x_wconf 93' lang='lat' dir='ltr'><strong>et</strong></span> <span class='ocrx_word' id='word_1_203' title='bbox 2405 3803 2572 3865; x_wconf 89' lang='lat' dir='ltr'><strong>votis</strong></span> 
     </span>
     <span class='ocr_line' id='line_1_29' title="bbox 522 3913 2570 3998; baseline 0.003 -25"><span class='ocrx_word' id='word_1_204' title='bbox 522 3933 594 3974; x_wconf 88' lang='lat' dir='ltr'><strong>ac</strong></span> <span class='ocrx_word' id='word_1_205' title='bbox 637 3913 1061 3996; x_wconf 91' lang='lat' dir='ltr'><strong>promissione</strong></span> <span class='ocrx_word' id='word_1_206' title='bbox 1107 3914 1216 3977; x_wconf 92' lang='lat' dir='ltr'><strong>illa</strong></span> <span class='ocrx_word' id='word_1_207' title='bbox 1261 3915 1532 3992; x_wconf 78' lang='lat' dir='ltr'><strong>emissiS,</strong></span> <span class='ocrx_word' id='word_1_208' title='bbox 1563 3915 1632 3976; x_wconf 91' lang='lat' dir='ltr'><strong>in</strong></span> <span class='ocrx_word' id='word_1_209' title='bbox 1680 3913 2183 3998; x_wconf 88' lang='lat' dir='ltr'><strong>approbatorum</strong></span> <span class='ocrx_word' id='word_1_210' title='bbox 2225 3936 2570 3979; x_wconf 89' lang='lat' dir='ltr'><strong>numerum</strong></span> 
     </span>
     <span class='ocr_line' id='line_1_30' title="bbox 520 4023 896 4089; baseline 0.011 -4"><span class='ocrx_word' id='word_1_211' title='bbox 520 4023 896 4089; x_wconf 86' lang='lat' dir='ltr'><strong>referantur.</strong></span> 
     </span>
    </p>
   </div>
  </div>
 </body>
</html>
