3146 5014
1235 536 1417 579 PARS
1469 536 1832 580 sEcUNDA.
2545 528 2619 582 15

569 705 994 790 Coadjutores
1037 705 1318 785 formati,
1363 706 1430 768 in
1477 729 1712 790 corpus
1747 704 2086 770 Societatis
2132 704 2397 768 admissi
2428 717 2625 784 sunt3

567 829 645 880 ut
693 839 821 901 quo
870 816 1093 901 majori
1142 839 1292 880 cum
1351 817 1495 880 luce
1556 817 1962 900 procedetur,
2022 839 2097 880 eo
2150 817 2423 902 quisque
2473 840 2626 882 con-

570 927 843 991 stantior
871 927 939 989 in
972 950 1089 990 sua
1117 928 1454 991 vocatione
1486 939 1745 991 maneat
1762 953 1782 1007 3
1829 939 1894 990 et
1935 928 2080 1011 ipsa
2109 927 2305 990 etiam
2338 927 2625 992 Societas

569 1039 797 1102 melius
839 1039 1182 1118 discernat,
1231 1061 1312 1101 an
1368 1040 1708 1103 conveniat
1761 1039 1843 1102 ad
1886 1039 2194 1123 majorem
2241 1040 2518 1119 laudem,
2561 1052 2626 1105 et

566 1150 837 1234 gloriam
869 1151 996 1214 Dei
1026 1164 1091 1214 et
1122 1151 1393 1214 Domini
1423 1151 1630 1214 nostri
1659 1151 1843 1214 illum
1876 1152 2051 1236 apud
2083 1175 2149 1215 se
2180 1152 2475 1216 retinere.

945 1712 1654 1804 SECUNDA
1747 1713 2105 1803 PARS

435 1940 568 2000 quoe
597 1921 684 1982 ad
723 1939 824 1981 eos
861 1919 1262 1982 dimittendos
1293 1919 1598 2009 pertinet,
1630 1919 1738 1997 qui
1776 1917 1865 1978 ad
1889 1916 2332 1978 Probationem
2368 1917 2626 1977 admissi

618 2031 916 2111 fuerant,
949 2036 1011 2092 et
1043 2050 1277 2110 parum
1309 2030 1446 2109 apti
1478 2030 1565 2090 ad
1595 2028 1972 2090 Societatem
2003 2027 2422 2089 inveniuntur.

835 2359 963 2405 QUI
1000 2358 1294 2401 DIMITTI
1332 2358 1675 2415 POSSUN'P,
1711 2357 1801 2398 ET
1835 2357 1979 2398 PER
2014 2356 2222 2403 QUOS.

1377 2461 1572 2525 CAP.
1625 2461 1680 2525 Ι.

484 2594 512 2649 1
559 2584 809 2795 UT
841 2598 1057 2648 autem
1090 2586 1172 2648 ad
1200 2586 1611 2670 propositum
1651 2584 1804 2647 huic
1847 2585 2138 2647 societati
2182 2585 2380 2647 finem
2423 2585 2624 2649 divini

752 2697 1045 2781 obsequii
1075 2709 1140 2761 et
1171 2697 1390 2760 auxilii
1421 2697 1782 2760 animarum
1813 2695 2115 2759 convenit
2146 2697 2528 2777 conservari,
2560 2710 2625 2762 et

566 2833 835 2875 numero
881 2812 1102 2896 augeri
1147 2814 1466 2894 operarios
1513 2812 1763 2874 idoneos
1817 2832 1892 2873 ac
1944 2811 2128 2873 utiles·
2173 2811 2256 2873 ad
2295 2810 2423 2875 Dei
2458 2834 2623 2895 opus

564 2924 1119 3006 promovendum3
1183 2923 1276 2985 ita
1322 2922 1563 2986 dimitti
1623 2945 1732 2985 eos
1793 2932 2069 3006 oportet,
2122 2922 2235 3006 qui
2282 2923 2442 2986 tales
2490 2946 2624 2988 non

564 3033 843 3113 fuerint3
912 3046 977 3097 et
1019 3057 1324 3098 successu
1369 3034 1680 3118 temporis
1720 3034 2262 3118 deprehendatur,
2309 3035 2412 3098 vel
2448 3036 2626 3118 quod

565 3165 697 3207 non
747 3145 831 3208 sit
883 3167 1104 3209 eorum
1157 3145 1431 3223 vocati0,
1478 3144 1582 3208 vel
1629 3145 1808 3228 quod
1855 3145 1938 3206 ad
1990 3167 2332 3208 commune
2376 3146 2623 3209 bonum

567 3259 904 3323 Societatis
937 3282 1068 3323 non
1101 3260 1462 3339 conveniat,
1494 3270 1570 3323 ut
1601 3260 1670 3322 in
1702 3282 1776 3322 ea
1811 3271 2138 3323 maneant.
2232 3260 2361 3324 Sed
2405 3272 2623 3324 tamen

566 3382 640 3433 ut
671 3393 803 3434 non
845 3371 1038 3434 nimis
1083 3371 1301 3435 faciles
1343 3394 1481 3436 esse
1525 3372 1609 3433 ad
1645 3371 2145 3447 admittendum,
2176 3371 2268 3433 ita
2303 3393 2511 3454 neque
2543 3373 2626 3434 ad

568 3480 1026 3545 dimittendum
1056 3481 1188 3545 imo
1219 3482 1436 3545 minus
1482 3492 1775 3565 oportet:
1824 3481 1938 3544 sed
1983 3480 2234 3544 mature
2265 3480 2530 3544 omnino
2561 3494 2626 3545 et

569 3593 967 3657 considerate
1014 3594 1083 3656 in
1130 3594 1416 3657 Domino
1467 3594 1954 3678 procedendum
2007 3604 2125 3657 est.
2215 3595 2306 3659 Et
2354 3596 2626 3679 quanvis

567 3727 791 3769 causas
822 3707 903 3770 ad
934 3705 1378 3770 dimissionem
1411 3705 1639 3790 dignas
1685 3728 1761 3770 eo
1801 3706 2124 3790 graviores
2171 3729 2309 3770 esse
2349 3718 2626 3790 oportet,

566 3839 695 3901 quo
757 3817 902 3901 quis
963 3818 1204 3881 arctius
1282 3818 1624 3882 Societatis
1702 3817 1953 3900 corpori
2029 3816 2415 3899 conjunctus
2477 3828 2626 3897 est3

565 3929 1044 4012 quantumlibet
1080 3941 1299 3992 tamen
1350 3929 1624 4012 quisque
1667 3927 1751 3990 sit
1793 3926 2203 4011 conjunctuS,
2251 3927 2320 3990 in
2357 3927 2627 4011 quibus—-

564 4039 713 4101 dam
759 4040 1015 4103 casibus
1054 4040 1333 4124 separari
1382 4039 1463 4102 ab
1517 4061 1593 4102 ea
1635 4050 1878 4123 posset,
1928 4062 2001 4103 ac
2044 4038 2345 4103 deberet:
2405 4052 2482 4104 ut
2528 4063 2625 4105 se-

563 4151 788 4234 quenti
822 4152 1033 4235 capite
1065 4141 1408 4215 videbitur.

476 4268 514 4323 2
562 4261 960 4326 Dimittendi
1002 4263 1274 4326 facultas
1321 4264 1389 4326 in
1434 4262 1660 4347 primis
1706 4263 1788 4328 ad
1834 4262 2200 4326 universam
2235 4262 2624 4326 Societatem
