3146 5014
561 516 641 570 10

597 698 636 752 9

554 923 634 979 10

552 1145 622 1199 11

550 1368 626 1421 12

544 1812 619 1868 13

1306 530 1961 575 CONSTITUTIONUM

687 692 767 753 ln
828 692 1251 756 exterioribus
1326 696 1694 779 exoptanda
1768 707 1866 758 est
1941 696 2254 760 sermonis
2328 697 2600 762 facultas
2661 701 2745 763 ad

680 805 1005 888 agendum
1039 827 1187 869 cum
1218 807 1530 890 proximis
1561 809 2059 892 pernecessaria.

682 917 932 998 Species
975 920 1252 996 honesta,
1299 939 1444 1001 quae
1497 918 1910 982 aedificationi
1960 942 2098 984 esse
2152 922 2314 984 solet
2358 921 2458 1001 iis,
2505 922 2741 1006 quibus

680 1049 829 1090 cum
862 1028 1096 1112 agitur.

679 1139 864 1202 Bona
914 1140 1239 1217 valetudo,
1290 1161 1363 1202 ac
1422 1139 1612 1218 vireS,
1674 1141 1911 1223 quibus
1972 1142 2135 1204 ferre
2187 1143 2396 1226 possit
2455 1143 2738 1206 instituti

677 1251 882 1314 nostri
911 1250 1184 1314 labores,

674 1362 886 1440 AEtas,
910 1384 1057 1446 quae
1089 1363 1172 1424 ad
1202 1385 1276 1424 ea
1306 1385 1450 1445 quae
1483 1363 1656 1425 dicta
1687 1375 1861 1441 sunt,
1886 1364 2249 1442 conveniat,
2274 1387 2418 1447 quae
2450 1365 2735 1448 quidem,

669 1484 744 1535 ut
764 1472 1194 1535 admittantur
1216 1473 1297 1534 ad
1332 1473 1813 1551 Probationem,
1833 1475 2138 1537 excedere
2171 1474 2364 1536 debet
2383 1475 2733 1538 Decimum

672 1594 976 1665 quartum
1022 1605 1311 1661 annum,
1372 1595 1447 1645 ut
1488 1584 1568 1645 ad
1605 1584 2076 1647 Professionem
2120 1584 2295 1662 vero,
2325 1584 2733 1667 Vigesimum

671 1695 996 1778 quintum.

669 1808 863 1870 Dona
908 1817 1193 1885 externa,
1239 1807 1620 1884 nobilitatis,
1668 1807 2059 1886 divitiarum,
2109 1807 2623 1886 existimationis»,
2667 1820 2732 1870 et

669 1917 901 1979 similia
937 1929 1010 1979 ut
1047 1940 1179 1979 non
1228 1918 1383 1980 satis
1430 1928 1607 1995 sunt,
1655 1917 1708 1979 si
1745 1918 1959 1980 desint
2012 1918 2170 1996 alia3
2231 1919 2342 1997 ita,
2384 1920 2532 1982 cum
2578 1943 2732 2004 sup-

641 2014 912 2110 'petent,
945 2049 1076 2088 non
1109 2038 1299 2089 erunt
1329 2026 1725 2089 necessaria:
1773 2039 2093 2110 quatenus
2140 2039 2358 2091 tamen
2405 2031 2489 2093 ad
2529 2030 2732 2093 aedifi-

665 2137 984 2200 cationem
1015 2137 1283 2216 faciunt,
1306 2138 1589 2201 reddunt
1620 2138 1825 2222 magis
1856 2138 2145 2218 idoneOS,
2167 2152 2243 2202 ut
2283 2141 2730 2220 admittantur,

665 2249 777 2331 qui
815 2247 952 2310 sine
1005 2248 1165 2332 ipsis
1220 2249 1458 2332 alioqui
1500 2264 1717 2312 essent
1765 2249 1982 2313 idonei
2028 2262 2297 2335 propter
2346 2252 2530 2315 dotes
2576 2253 2729 2316 alias

663 2358 1045 2442 praedictas3
1091 2359 1161 2421 in
1193 2359 1429 2442 quibus
1462 2382 1592 2443 quo
1624 2352 1830 2444 magis
1861 2362 2289 2445 praecelluerit
2330 2363 2441 2444 qui
2473 2362 2730 2426 admitti

663 2470 866 2555 cupit,
903 2493 978 2535 eo
1028 2470 1235 2555 magis
1289 2471 1409 2535 erit
1459 2472 1541 2535 ad
1589 2472 1758 2535 hanc
1811 2473 2199 2537 Societatem
2238 2486 2429 2558 aptus
2472 2474 2555 2537 ad
2602 2476 2729 2537 Dei

661 2583 930 2646 Domini
962 2583 1167 2646 nostri
1198 2584 1512 2667 gloriam3
1561 2606 1691 2667 quo
1721 2607 1872 2648 vero
1919 2585 2138 2648 minus
2186 2585 2305 2648 erit
2342 2585 2408 2647 in
2443 2608 2518 2647 eo
2550 2587 2728 2669 quod

659 2694 965 2773 excellat3
1028 2717 1102 2758 eo
1144 2695 1362 2758 minus
1400 2695 1519 2758 erit
1560 2695 1855 2759 idoneuS.
1948 2696 2114 2762 Quae
2160 2707 2376 2759 tamen
2424 2719 2726 2760 mensura

659 2806 964 2868 omnibus
1013 2805 1081 2867 in
1134 2807 1328 2869 rebus
1383 2808 1588 2870 teneri
1639 2808 1892 2886 debeat,
1936 2808 2158 2871 unctio
2214 2821 2437 2871 sancta
2489 2810 2723 2873 divinae

662 2916 1009 3000 Sapientiae
1056 2940 1164 2980 eos
1210 2918 1489 2997 docebit,
1535 2919 1648 3002 qui
1694 2918 1762 2981 id
1808 2940 1978 2981 curae
2025 2920 2108 2981 ad
2153 2917 2291 3002 ejus
2337 2920 2722 3003 obsequium

659 3049 731 3089 ac
761 3027 1021 3090 laudem
1053 3028 1413 3092 uberiorem
1448 3041 1895 3113 susceperunt.

692 3271 784 3315 DE
824 3272 943 3330 IIS,
983 3274 1145 3319 QUAE
1184 3275 1630 3333 IMPEDIUNT,
1664 3274 1760 3314 NE
1799 3272 1965 3318 QUIS
2003 3274 2076 3313 IN
2119 3272 2577 3316 SOCIETATEM

1373 3383 1885 3426 ADMIT'PATUR.

1445 3474 1641 3538 CAP.
1692 3475 1824 3537 III.

661 3587 1004 3653 QUANVIS
1033 3586 1332 3651 Charitas
1363 3599 1427 3649 et
1447 3587 1643 3650 Zelus
1676 3588 2059 3666 animarum,
2082 3588 2148 3651 in
2182 3610 2310 3672 quo
2343 3612 2409 3652 se
2436 3591 2720 3654 Societas

658 3700 798 3762 haec
840 3711 1092 3762 exercet
1140 3698 1332 3783 juxta
1371 3698 1656 3760 instituti
1707 3699 1807 3760 sui
1861 3700 2079 3776 finem,
2122 3701 2339 3763 omnia
2381 3703 2718 3765 hominum

659 3833 895 3895 genera
926 3811 1414 3895 complectatur,
1445 3820 1520 3872 ut
1552 3831 1776 3872 eorum
1809 3810 2042 3873 serviat
2075 3811 2391 3894 spirituali
2434 3813 2719 3891 utilitati,

657 3945 730 3985 ac
762 3924 845 3986 ad
872 3923 1341 3987 beatitudinem
1383 3923 1908 4006 consequendam
1949 3923 2017 3984 in
2049 3923 2337 3987 Domino
2372 3924 2597 4008 juvet3
2643 3938 2718 3988 ut

658 4048 875 4099 tamen
905 4037 973 4098 in
1008 4035 1346 4100 Societatis
1378 4035 1583 4119 ipsius
1616 4057 1850 4120 corpus
1883 4036 2204 4114 admittat,
2238 4039 2540 4122 amplecti
2585 4060 2716 4101 non

658 4137 871 4225 debet,
901 4159 976 4210 ut
1013 4126 1260 4211 dictum
1306 4157 1425 4225 est,
1457 4147 1583 4210 nisi
1615 4133 1777 4232 quos
1814 4147 2137 4231 judicabit
2184 4150 2266 4212 ad
2309 4150 2716 4235 propositum

661 4258 999 4323 Societatis
1032 4260 1229 4322 finem
1263 4259 1456 4322 utiles
1486 4259 1644 4324 fore.
