3146 5014
447 1940 527 1997 19

438 2945 526 3003 20

1310 546 1491 587 PARS
1541 546 1835 588 TER‘mA.
2547 529 2626 603 27

575 713 768 774 etiam
839 713 1091 791 seriptis
1169 712 1347 774 libris
1379 739 1400 784 ;
1477 715 1583 793 qui
1660 714 1903 794 quidem
1975 714 2108 775 sine
2184 714 2630 794 approbatione

575 830 766 904 atque
802 843 1095 886 consensu
1137 823 1472 905 Praepositi
1530 825 1855 887 Generalis
1912 827 2046 905 (qui
2095 844 2365 888 censurae
2415 827 2627 903 trium,

574 942 648 998 ut
698 935 1035 1014 minimam,
1089 936 1374 998 doctrina
1424 957 1500 998 ac
1552 939 1724 999 claro
1774 937 2022 1017 judicio
2068 938 2135 1000 in
2187 958 2261 1000 ea
2301 938 2630 1019 facultate

564 1046 980 1126 praeditorum
1025 1066 1128 1108 eos
1172 1046 1494 1127 subjiciat)
1539 1049 1607 1109 in
1661 1049 1856 1110 lucem
1896 1049 2099 1110 emitti
2146 1069 2268 1109 non
2301 1054 2628 1127 poterunt.

577 1154 722 1218 Imo
776 1162 843 1218 et
894 1156 1289 1240 judiciorum
1350 1156 1429 1219 de
1489 1157 1684 1221 rebus
1746 1158 2012 1241 agendis
2073 1157 2430 1236 diversitaS,
2482 1179 2628 1240 quae

573 1276 781 1330 mater
804 1289 944 1331 esse
977 1267 1140 1331 solet
1172 1267 1507 1331 discordiae
1538 1279 1605 1331 et
1634 1267 1896 1332 inimica
1917 1269 2177 1333 unionis
2194 1269 2629 1348 voluntatum,

571 1389 891 1461 quantum
933 1379 1071 1443 fieri
1123 1387 1361 1463 potest,
1413 1380 1637 1444 evitari
1685 1380 1917 1445 debet:
1982 1393 2048 1445 et
2096 1381 2320 1444 contra
2362 1380 2518 1444 unio
2560 1393 2628 1444 et

571 1488 990 1552 conformitas
1021 1502 1250 1552 mutua
1294 1488 1783 1575 diligentissime
1830 1492 2137 1571 curanda,
2182 1513 2325 1570 nec,
2370 1512 2515 1574 quae
2562 1491 2620 1553 ei

572 1600 1015 1679 adversantur,
1074 1599 1511 1686 permittenda
1586 1612 1741 1666 sunt
1774 1625 1790 1665 ε
1867 1603 1998 1685 quo
2064 1602 2280 1687 juncti
2347 1601 2623 1666 invicem

573 1712 869 1777 fraternae
899 1712 1228 1777 charitatis
1258 1713 1516 1779 vinculo
1546 1714 1777 1778 melius
1809 1726 1874 1778 et
1904 1714 2224 1778 efficacius
2269 1713 2524 1800 possint
2556 1735 2623 1778 se

574 1823 790 1888 divino
820 1824 1153 1909 obsequi0,
1184 1837 1250 1889 et
1280 1824 1516 1890 auxilio
1546 1824 1989 1910 proximorum
2019 1825 2413 1911 impendere.

574 1933 745 1999 Quia
791 1935 874 1998 ad
923 1957 1338 2020 progressum
1400 1935 1468 1998 in
1519 1935 1870 2000 virtutibus
1921 1935 2288 2000 faciendum
2340 1934 2623 1999 multum

570 2044 820 2109 confert
880 2046 1295 2131 antiquorum
1355 2047 1747 2132 exemplum,
1808 2069 1937 2131 quo
1983 2046 2213 2131 reliqui
2265 2047 2349 2110 ad
2400 2068 2622 2110 eorum

567 2155 994 2221 imitationem
1026 2157 1394 2221 animentur
1410 2184 1430 2237 3
1477 2158 1591 2242 qui
1618 2165 1855 2243 praeest
1884 2157 2024 2222 aliis
2076 2157 2153 2241 (si
2198 2157 2381 2221 aliter
2424 2178 2623 2242 pecu-

569 2265 759 2331 liares
788 2267 872 2332 ob
904 2289 1130 2332 causas
1160 2290 1293 2332 non
1327 2268 1731 2353 judicaretur
1760 2269 2126 2352 convenire)
2163 2277 2228 2332 et
2258 2289 2484 2332 omnes
2515 2267 2622 2330 alii

570 2380 956 2460 sacerdotes,
997 2381 1109 2465 qui
1157 2380 1218 2445 ei
1264 2380 1680 2461 videbuntur,
1724 2381 2070 2465 aliquando
2115 2380 2387 2465 singulis
2431 2379 2619 2443 annis

568 2490 872 2571 officium,
931 2492 1034 2558 vel
1094 2492 1302 2557 officia
1360 2515 1605 2573 eorum,
1672 2493 1785 2577 qui
1845 2491 2205 2557 inserviunt
2278 2490 2475 2570 domi,
2536 2490 2619 2554 ad

569 2615 827 2690 tempus
887 2605 1149 2690 aliquod
1222 2605 1519 2685 obibunt,
1585 2606 1716 2689 quo
1792 2604 1930 2668 aliis
2004 2604 2251 2689 gratius
2309 2603 2617 2666 reddatur

569 2715 942 2802 hujusmodi
985 2716 1436 2797 ministerium,
1478 2717 1547 2780 in
1594 2738 1723 2801 quo
1768 2717 1853 2781 ad
1890 2715 2100 2802 majus
2130 2714 2259 2779 Dei
2288 2713 2620 2779 servitium

571 2838 636 2892 et
665 2827 935 2913 gloriam
966 2841 1121 2892 sunt
1151 2827 1509 2893 constituti.

570 2938 953 3023 Explicetur
1011 2938 1256 3023 aliquot
1330 2938 1558 3003 diebus
1633 2939 1701 3002 in
1776 2939 2046 3025 singulis
2106 2935 2619 3002 hebdomadibus

570 3050 887 3115 Doctrina
917 3049 1307 3131 Christiana,
1340 3072 1413 3114 ac
1443 3050 1678 3114 modus
1716 3049 1881 3114 bene
1926 3061 1991 3115 et
2036 3071 2187 3113 cum
2217 3049 2435 3112 fructu
2464 3068 2619 3110 con-

569 3160 818 3240 fitendi,
876 3160 1416 3241 communicandi,
1466 3160 1731 3225 missam
1789 3160 2115 3239 audiendi,
2154 3171 2219 3224 et
2271 3159 2339 3223 in
2392 3158 2616 3222 eadem

568 3271 1000 3350 ministrandi,
1054 3272 1279 3335 orandi
1298 3275 1311 3290 '
1330 3270 1578 3350 itidem,
1637 3271 2014 3350 meditandi,
2074 3282 2139 3334 et
2197 3269 2453 3354 legendi
2501 3289 2620 3353 pro

569 3389 767 3467 captu
810 3381 1320 3466 uniuscujusque
1381 3382 1722 3460 tradatur3
1776 3388 2162 3463 cureturque
2223 3401 2356 3442 non
2410 3378 2619 3441 solum

571 3504 646 3556 ut
704 3492 1039 3556 addiscant
1090 3514 1236 3576 quae
1289 3491 1708 3569 conveniunt,
1769 3491 1885 3554 sed
1935 3489 2128 3553 etiam
2187 3498 2264 3551 ut
2313 3489 2621 3552 memoria

569 3611 853 3684 teneant,
905 3616 969 3668 et
1005 3614 1342 3669 exerceant
1396 3624 1541 3687 quae
1595 3600 1977 3666 didicerint:
2032 3623 2384 3685 omnesque
2426 3621 2618 3664 suum

568 3724 827 3800 tempus
856 3716 1050 3779 rebus
1083 3714 1526 3799 spiritualibus
1555 3714 1959 3800 impendant,
1990 3724 2055 3776 et
2086 3713 2411 3776 devotioni
2442 3733 2621 3794 quae-

566 3827 784 3890 rendae
829 3849 948 3911 pro
995 3847 1299 3889 mensura
1342 3824 1565 3910 gratiae
1620 3824 1747 3887 Dei
1791 3823 1949 3908 ipsis
1990 3821 2482 3885 communicatae
2523 3821 2621 3885 in-

569 3937 840 4016 sistant3
887 3938 971 4001 ad
1001 3935 1179 4021 quod
1208 3935 1493 3999 conferet
1524 3934 1740 4018 aliqua
1758 3932 2059 3997 exercitia
2089 3929 2445 4015 spiritualia
2473 3930 2622 4011 illis,

564 4051 678 4135 qui
721 4052 1015 4114 nondum
1058 4072 1124 4113 se
1174 4058 1599 4113 exercuerunt
1648 4047 1718 4111 in
1772 4046 1885 4125 eis,
1925 4046 2028 4110 vel
2067 4043 2283 4107 omnia
2327 4044 2622 4123 tradore3

564 4173 758 4246 prout
789 4160 1138 4244 unicuique
1170 4158 1509 4223 convenire
1540 4157 1609 4221 in
1642 4157 1928 4222 Domino
1963 4153 2382 4240 judicabitur.
