3146 5014
1322 535 1504 577 PARS
1554 537 1813 579 PRIMA.
2547 527 2616 581 11

473 709 512 765 2
560 702 666 765 Ex
686 702 1169 787 impedimentis
1194 703 1277 765 ad
1299 703 1756 766 admissionem
1775 703 2088 766 nonnulla
2109 725 2241 782 eOS,
2250 703 2363 787 qui
2383 705 2619 768 vellent

557 813 834 899 ingredi,
858 814 1122 877 omnino
1146 814 1527 878 excludunt:
1562 815 1715 899 quia
1734 815 2015 878 rationes
2038 815 2262 879 multae
2285 827 2350 879 et
2373 838 2620 901 graves,

559 947 679 988 nos
711 925 793 986 ad
823 924 891 986 id
921 922 988 987 in
1016 925 1303 987 Domino
1333 938 1620 989 movent.
1711 926 1811 988 Ea
1840 927 1991 989 vero
2036 926 2411 1011 hujusmodi
2442 940 2619 991 sunt.

469 1043 508 1097 3
558 1035 928 1117 Aliquando
960 1056 998 1097 a
1027 1035 1274 1119 gremio
1307 1046 1548 1098 sanctae
1592 1036 1903 1098 Ecclesiae
1949 1035 2356 1115 abscessisse,
2390 1036 2614 1100 Fidem

557 1147 940 1231 abnegando
971 1147 1141 1211 inter
1169 1146 1486 1227 infideles,
1509 1148 1612 1211 vel
1641 1148 1986 1211 incidendo
2018 1148 2085 1212 in
2117 1171 2361 1213 errores
2393 1161 2612 1213 contra

556 1280 719 1337 eam,
780 1258 851 1320 in
911 1257 1149 1342 quibus
1208 1257 1591 1342 reprobatus
1652 1259 1847 1322 fuerit
1904 1282 2021 1344 per
2078 1260 2407 1345 publicam
2470 1283 2612 1323 sen-

554 1370 867 1433 tentiam:
914 1370 1017 1433 vel
1063 1392 1129 1432 se
1174 1391 1351 1441 more
1385 1370 1852 1434 Scismatorum
1898 1370 1979 1434 ab
2011 1371 2322 1435 Ecclesiae
2365 1372 2609 1435 unitate

558 1481 936 1566 sejunxisse.

469 1601 509 1655 4
557 1594 967 1677 perpetrasse
998 1593 1459 1657 homicidium:
1506 1594 1609 1658 vel
1640 1617 1778 1658 esse
1823 1607 2090 1680 propter
2133 1596 2420 1659 enormia
2461 1618 2610 1680 pec-

558 1716 698 1766 cata
726 1705 1055 1767 infamem.

468 1822 503 1876 5
555 1814 1002 1898 Assumpsisse
1066 1814 1421 1898 Religionis
1496 1815 1794 1878 habitum
1829 1840 1843 1877 ε
1918 1816 2019 1879 vel
2079 1816 2437 1880 Eremitam
2499 1818 2610 1880 ali-

555 1928 814 2010 quando
844 1949 994 1991 cum
1024 1927 1265 1991 vestitu
1294 1927 1659 1990 monachali
1686 1927 1907 1992 fuisse.

466 2045 506 2101 6
555 2039 959 2102 Matrimonii
989 2038 1271 2117 vinculo,
1301 2039 1404 2102 vel
1435 2039 1762 2102 servitutis
1792 2040 2097 2124 legitimae
2141 2040 2415 2126 ligatum
2447 2065 2608 2107 esse.

469 2151 505 2224 7
555 2148 803 2233 Capitis
863 2150 1308 2213 infirmitatem
1367 2150 1527 2234 pati,
1589 2151 1763 2213 unde
1826 2151 2074 2214 accidat
2134 2153 2484 2232 obscurari,
2546 2167 2610 2218 et

549 2282 781 2345 parum
814 2283 1045 2324 sanum
1077 2284 1215 2325 esse
1252 2260 1613 2345 judicium3
1658 2261 1762 2325 vel
1793 2262 1847 2324 si
1877 2263 2230 2327 notabilem
2261 2265 2496 2329 habeat
2527 2268 2610 2330 ad

547 2372 712 2435 illud
743 2373 1235 2457 dispositionem
1258 2398 1278 2452 3
1323 2384 1397 2435 ut
1429 2373 1497 2435 in
1529 2373 1849 2436 Examine
1879 2374 2087 2437 fusius
2117 2386 2451 2440 tractatur.

465 2492 503 2549 8
552 2484 806 2550 Caetera
834 2486 1304 2571 impedimenta
1340 2486 1614 2570 quanvis
1660 2485 1990 2571 sigillatim
2036 2499 2301 2572 accepta
2330 2489 2366 2552 a
2398 2489 2612 2554 Socie-

551 2609 682 2661 tate
723 2620 858 2662 non
903 2598 1169 2662 omnino
1215 2598 1587 2676 excludant,
1631 2599 1915 2660 reddunt
1958 2609 2177 2662 tamen
2222 2600 2438 2663 minus
2474 2601 2615 2666 ido-

550 2731 747 2772 neum
779 2732 951 2788 eum,
975 2709 1087 2793 qui
1118 2708 1376 2772 admitti
1407 2719 1711 2792 exoptat3
1759 2724 1823 2772 et
1854 2720 2074 2792 posset
2105 2710 2272 2772 tanti
2301 2715 2615 2777 momenti

550 2844 688 2885 esse
721 2822 1013 2885 defectus
1038 2847 1056 2900 3
1100 2833 1176 2884 ut
1207 2844 1241 2884 e
1274 2820 1534 2884 servitio
1565 2820 1694 2884 Dei
1725 2843 1856 2883 non
1902 2833 2072 2884 esset
2114 2823 2431 2903 futurum,
2462 2848 2612 2889 cum

549 2956 624 2996 eo
656 2956 1028 3018 quenquam
1060 2932 1340 2996 admitti.

462 3054 503 3109 9
552 3047 1032 3132 Impedimenta
1080 3056 1297 3108 autem
1346 3046 1487 3107 haec
1538 3044 1940 3124 secundaria,
1989 3045 2068 3108 de
2129 3047 2366 3130 quibus
2417 3051 2613 3115 modo

549 3169 648 3221 est
689 3180 922 3236 serm0,
961 3156 1340 3241 hujusmodi
1381 3166 1556 3219 sunt.
1649 3155 1845 3221 Quod
1890 3157 1974 3219 ad
2017 3157 2321 3222 interiora
2359 3161 2613 3242 attinet,

547 3269 883 3352 passiones
911 3268 1014 3332 vel
1045 3269 1335 3346 affectuS,
1367 3267 1479 3351 qui
1527 3266 1776 3329 domari
1820 3289 1949 3330 non
1994 3290 2185 3352 posse
2229 3270 2613 3351 videantur3

546 3379 649 3443 vel
679 3390 1091 3464 peccatorum
1114 3380 1398 3458 habitus,
1422 3378 1501 3441 de
1534 3377 1773 3460 quibus
1797 3400 1928 3440 non
1953 3378 2111 3440 adeo
2135 3401 2371 3462 magna
2395 3403 2614 3445 emen-

549 3492 724 3556 datio
756 3505 1071 3578 speretur.

418 3611 502 3667 10
551 3603 838 3666 Intentio
881 3604 1100 3667 minus
1144 3614 1340 3682 recta,
1386 3602 1582 3686 quam
1625 3623 1745 3686 par
1788 3612 1980 3680 esset,
2012 3602 2093 3665 ad
2126 3603 2481 3689 Religionis
2512 3607 2613 3670 in-

547 3737 884 3799 gressum3
932 3727 1006 3779 ut
1038 3738 1183 3800 quae
1216 3737 1365 3778 cum
1397 3715 1687 3777 humano
1720 3713 1933 3797 aliquo
1964 3714 2093 3777 fine
2126 3715 2210 3777 sit
2240 3716 2545 3780 admixta.

418 3832 493 3889 11
549 3827 1019 3906 Inconstantia,
1050 3827 1152 3890 vel
1178 3825 1475 3889 remissio
1518 3824 1719 3887 animi
1763 3823 2088 3901 notabiliS,
2119 3845 2199 3886 ex
2229 3846 2357 3908 qua
2387 3827 2500 3909 qui
2530 3829 2610 3892 de

542 3937 842 4021 ingressu
901 3938 1058 4023 agit,
1128 3936 1378 4000 inutilis
1439 3934 1741 3997 credatur
1800 3934 1883 3995 ad
1944 3933 2284 3997 Societatis
2342 3955 2612 4003 munera

545 4048 868 4113 obeunda.
949 4126 957 4132 ἡ

415 4169 495 4224 12
546 4163 923 4227 Indiscretae
955 4162 1352 4240 devotiones,
1384 4182 1528 4245 quae
1561 4182 1733 4245 saepe
1779 4160 1848 4222 in
1878 4182 2073 4222 causa
2102 4181 2240 4224 esse
2272 4162 2503 4243 solent,
2535 4176 2608 4228 ut
