3146 5014
1237 521 1418 563 PARs
1469 521 1792 568 QUARTA.
2489 512 2566 567 51

520 689 740 774 ipsum
775 687 1183 772 Superiorem
1215 687 1433 769 habet)
1473 688 1894 771 exequend03
1943 698 2018 751 ut
2056 707 2316 771 aequum
2362 699 2462 752 est
2492 690 2574 752 ad

526 823 594 865 se
642 800 883 878 referri,
926 799 1175 884 sibique
1224 799 1657 864 obedientiam
1710 800 2003 885 praestari
2051 801 2132 864 ab
2195 800 2295 879 iis,
2344 801 2457 883 qui
2508 802 2576 864 in

529 912 820 996 Collegio
853 912 1137 996 degunt:
1187 911 1322 978 Qui
1367 911 1632 995 quidem
1682 913 2024 976 Rectorem
2071 935 2263 977 suum
2308 933 2573 996 magno-

528 1045 681 1108 pere
720 1022 994 1086 revereri
1042 1043 1115 1085 ac
1164 1022 1474 1101 venerari,
1510 1033 1586 1085 ut
1635 1026 1742 1105 qui
1794 1025 2033 1087 Christi
2075 1024 2332 1088 Domini
2375 1026 2578 1088 nostri

527 1137 692 1198 vices
757 1135 950 1215 ⁸qerit,
1011 1134 1333 1213 debebunt,
1408 1134 1668 1197 liberam
1740 1137 1841 1198 sni
1913 1137 2193 1216 ipsorum
2250 1155 2579 1215 rerumque

526 1266 785 1309 suarum
845 1246 1310 1326 dispositionem
1369 1265 1506 1308 oum
1563 1265 1715 1309 vera
1784 1246 2132 1313 obedientia
2204 1248 2331 1329 ipsi
2388 1247 2579 1310 relin-

530 1357 767 1437 quendo
794 1383 814 1418 .-
872 1356 1036 1419 nihil
1076 1357 1134 1418 ei
1185 1356 1485 1434 clausum,
1524 1375 1602 1419 ne
1646 1357 2085 1423 conscientiam
2132 1358 2377 1438 quidem
2422 1377 2579 1438 pro-

518 1467 735 1548 priam
775 1468 1056 1544 tenendo,
1094 1486 1278 1546 quam
1318 1467 1376 1528 ei
1428 1468 1677 1547 aperire
1729 1469 1828 1543 (ut
1879 1468 1949 1530 in
1989 1466 2305 1530 Eoeamine
2345 1468 2579 1530 dictum

529 1584 647 1654 est)
681 1579 814 1639 sais
842 1578 1201 1639 constitutis
1232 1578 1629 1658 temporibus,
1661 1583 1725 1640 et
1752 1579 1998 1659 saepius,
2027 1580 2085 1641 si
2131 1598 2320 1641 causa
2363 1579 2576 1658 aliqua

532 1689 606 1751 id
650 1695 960 1769 posceret,
1022 1689 1375 1769 oportebit‚·
1443 1709 1565 1751 non
1616 1689 2039 1770 repuymndO,
2092 1709 2215 1751 non
2263 1691 2580 1752 contradi-

537 1801 748 1878 cendo,
778 1820 889 1862 nec
930 1801 1062 1862 ulla
1105 1801 1353 1862 ratione
1378 1799 1697 1880 judicium
1731 1801 2066 1881 propium
2107 1801 2307 1881 ipsius
2333 1800 2580 1880 judicio

533 1913 918 1974 contrarium
948 1911 1424 1974 demonstrando
1448 1937 1472 1983 ,·
1516 1923 1593 1973 ut
1621 1932 1739 1995 per
1767 1910 2077 1974 unionem
2108 1909 2400 1994 ejusdem
2433 1933 2579 1975 sen-

532 2021 754 2085 tentiae
795 2034 861 2085 et
911 2020 1287 2101 voluntatis,
1330 2028 1523 2105 atque
1580 2043 1698 2106 per
1741 2021 2028 2086 debitam
2082 2021 2580 2086 submissionem

531 2131 761 2196 melius
809 2131 880 2195 in
933 2131 1151 2196 divino
1212 2131 1521 2215 obsequio
1584 2139 2066 2211 conserventur,
2127 2141 2193 2197 et
2251 2133 2582 2218 progredi—

534 2231 745 2307 antur.

448 2361 487 2418 6
530 2355 638 2418 Ad
676 2354 916 2418 bonam
961 2353 1193 2417 domus
1234 2353 1772 2438 gubernationem
1818 2377 1951 2419 non
1997 2354 2208 2419 solum
2239 2375 2587 2419 numerum

536 2464 968 2530 necessarium
998 2464 1367 2530 officialium
1400 2466 1639 2530 Rector
1683 2465 2061 2552 provideat3
2108 2466 2223 2530 sed
2267 2476 2342 2530 ut
2371 2465 2587 2529 idonei

539 2576 690 2655 sint,
740 2574 1096 2659 quoadejus
1136 2575 1276 2639 fieri
1319 2576 1580 2660 poterit,
1612 2576 1695 2639 ad
1740 2598 1889 2639 suas
1934 2575 2325 2654 functiones,
2372 2586 2595 2638 curet:

538 2688 770 2772 cuique
801 2710 952 2752 suas
981 2688 1260 2773 regulas,
1291 2687 1405 2752 ubi
1435 2710 1583 2771 quae
1628 2688 1711 2751 ad
1756 2687 2162 2773 singulorum
2208 2686 2418 2751 officia
2444 2708 2595 2771 per-

538 2800 770 2878 tinent,
831 2799 1308 2878 contineantur,
1368 2800 1633 2879 tradat3
1708 2810 1773 2863 et
1833 2821 1915 2863 ne
1979 2821 2047 2864 se
2107 2799 2219 2863 hic
2294 2798 2364 2862 in
2423 2798 2595 2862 illius

541 2912 824 2975 officium
853 2911 1129 2996 ingerat,
1160 2912 1395 2975 videat.
1489 2912 1829 2991 Praeterea,
1859 2922 1934 2975 ut
1980 2912 2071 2975 eis
2116 2913 2483 2997 prospicere
2516 2911 2596 2974 de

543 3023 854 3104 subsidi0,
916 3022 970 3086 si
1031 3022 1464 3087 necessarium
1524 3024 1594 3086 id
1652 3023 1866 3103 fuerit,
1917 3023 2179 3087 debebit
2197 3049 2215 3101 3
2282 3024 2398 3102 ita,
2447 3045 2597 3087 cum

539 3146 798 3221 tempus
835 3156 1114 3200 vacuum
1157 3134 1283 3197 illis
1326 3134 1543 3213 fuerit,
1588 3142 1665 3198 ut
1714 3135 1959 3198 utiliter
2010 3135 2171 3199 illud
2214 3135 2598 3220 impendant

544 3246 761 3310 divino
794 3245 1074 3324 servitio,
1107 3258 1307 3309 curet.

461 3358 497 3431 7
545 3356 726 3420 Inter
774 3355 1074 3421 officiales
1123 3355 1382 3421 Rectori
1434 3355 1854 3433 necessariOS,
1898 3355 1967 3417 in
2015 3354 2242 3439 primis
2290 3354 2601 3418 Minister

546 3467 840 3547 idoneuS,
871 3467 984 3551 qui
1013 3466 1406 3547 Vicerector,
1436 3466 1539 3530 vel
1569 3465 1890 3550 Magister
1930 3464 2163 3530 domus
2210 3465 2315 3545 sit,
2346 3475 2411 3529 et
2457 3488 2600 3529 om-

546 3576 763 3657 nibuS,
816 3599 961 3661 quae
1009 3579 1094 3641 ad
1139 3578 1388 3642 bonum
1435 3575 1795 3642 universale
1842 3576 2194 3663 pertinent,
2241 3576 2601 3662 provideat,

549 3696 650 3753 est
690 3688 1046 3775 eligendus.
1140 3690 1423 3775 Syndico
1467 3688 1665 3754 etiam
1706 3690 1789 3755 ad
1828 3690 2142 3755 exteriora
2178 3688 2597 3767 observanda,

548 3812 614 3865 et
642 3801 881 3885 aliquo,
913 3802 1018 3866 cui
1048 3824 1263 3866 rerum
1296 3802 1709 3887 spritualium
1741 3823 1896 3865 cura
1925 3801 2034 3880 sit,
2055 3808 2121 3864 et
2150 3800 2406 3864 duobus
2438 3800 2602 3879 aliis,

547 3911 649 3975 vel
698 3911 1020 3997 pluribus,
1082 3932 1356 3996 quorum
1414 3911 1781 3997 prudentiae
1841 3921 1905 3974 et
1964 3909 2273 3995 probitati
2319 3910 2602 3976 multum

551 4023 856 4103 confidat,
889 4046 1056 4109 opus
1088 4035 1187 4087 est
1210 4049 1229 4103 3
1275 4033 1340 4087 et
1370 4044 1521 4086 cum
1553 4022 1646 4085 eis
1678 4021 1758 4085 de
1798 4021 1900 4102 iis,
1932 4043 2078 4106 quae
2125 4020 2505 4102 difficiliora,
2538 4035 2604 4088 et

551 4133 634 4196 ad
693 4134 820 4198 Dei
880 4134 1151 4219 gloriam
1212 4134 1519 4219 majorem
1592 4133 2132 4199 communicanda
2189 4132 2608 4214 videbuntur,
