3146 5014
535 509 616 583 78
1296 528 1951 574 consa-momontum

666 690 1084 757 satisfaciant.
1175 692 1299 756 Per
1355 704 1615 758 nostros
1676 702 1892 759 autem
1952 717 2027 758 ea
2085 696 2346 759 tractari
2397 700 2722 778 convenit,

667 825 815 887 quae
849 813 1091 867 nostrae
1135 803 1457 868 vocationi
1501 804 1586 868 ad
1625 805 1752 869 Dei
1792 805 2066 891 gloriam
2115 807 2324 892 magis
2373 817 2530 873 sunt
2568 832 2723 875 con-

671 920 999 978 sentanea.

584 1031 621 1087 5
673 1023 846 1087 Cum
904 1023 1201 1088 homines
1260 1023 1487 1089 itidem
1545 1025 1743 1110 hujus
1807 1025 2146 1090 Societatis
2208 1047 2464 1112 semper
2516 1027 2723 1113 parati

670 1156 812 1198 esse
845 1134 1124 1199 debeant
1153 1134 1237 1197 ad
1266 1134 1760 1198 discurrendum
1790 1156 1908 1220 per
1937 1135 2199 1220 quasvis
2232 1138 2463 1200 mundi
2485 1148 2724 1222 partes,

673 1267 804 1328 quo
834 1243 1077 1310 fuerint
1119 1267 1159 1309 a
1190 1245 1461 1309 Summo
1495 1246 1833 1325 Pontifice‚
1862 1246 1966 1310 vel
2007 1269 2046 1309 a
2093 1246 2228 1310 suis
2270 1247 2724 1332 Superioribus

672 1354 893 1433 missi3
945 1377 1081 1429 non
1125 1354 1366 1419 debent
1409 1376 1632 1419 curam
1677 1355 2060 1435 animarum,
2090 1379 2303 1441 neque
2333 1358 2491 1421 item
2524 1357 2727 1421 Muli-

674 1487 857 1528 erum
911 1464 1405 1549 Religiosarum,
1451 1466 1555 1529 vel
1615 1465 1882 1529 aliarum
1943 1488 2476 1551 quarumcunque
2525 1467 2727 1530 susci-

674 1596 849 1659 pere,
878 1586 955 1639 ut
984 1574 1303 1639 ordinarie
1332 1576 1588 1639 illarum
1619 1576 2056 1641 confessiones
2088 1578 2377 1656 audiant,
2406 1578 2510 1641 vel
2553 1576 2727 1661 ipsas

676 1692 943 1769 regant3
991 1685 1284 1751 Quanvis
1316 1685 1481 1749 nihil
1508 1697 1829 1773 repugnet
1875 1687 2074 1750 semel
2116 1688 2313 1751 unius
2346 1686 2730 1751 Monasterii

679 1796 1117 1861 confessiones
1148 1796 1232 1860 ob
1264 1796 1575 1881 speciales
1606 1818 1832 1860 causas
1864 1797 2105 1860 audire.

593 1913 634 1969 6
682 1905 977 1993 Obligari
1016 1907 1211 1970 etiam
1246 1906 1330 1970 ad
1373 1907 1605 1970 missas
1649 1918 1996 1992 perpetuas
2040 1908 2109 1970 in
2156 1907 2290 1971 suis
2321 1907 2606 1971 ecclesiis
2635 1908 2733 1971 di-

681 2017 943 2096 cendas,
970 2017 1074 2080 vel
1103 2017 1187 2080 ad
1217 2039 1438 2080 curam
1470 2017 1767 2096 similem,
1798 2039 1995 2102 quam
2039 2017 2302 2081 libertas
2331 2025 2555 2083 nostro
2585 2039 2735 2103 pro-

683 2127 958 2192 cedendi
986 2128 1181 2192 modo
1209 2127 1280 2191 in
1299 2128 1587 2193 Domino
1619 2129 1978 2193 necessaria
2007 2150 2141 2194 non
2171 2129 2438 2215 patitur,
2467 2128 2733 2192 minime

683 2238 1008 2304 convenit.

601 2351 640 2426 7
687 2349 787 2414 Ut
842 2347 1100 2435 plenius
1159 2348 1368 2433 possit
1427 2349 1716 2413 Societas
1785 2350 1979 2414 rebus
2041 2349 2483 2434 spiritualibus
2547 2348 2739 2434 juxta

687 2483 882 2526 suum
927 2459 1318 2526 Institutum
1360 2481 1630 2539 vacare3
1693 2461 2049 2548 quoadejus
2093 2460 2232 2526 fieri
2269 2460 2529 2547 poterit,
2559 2460 2596 2523 a
2625 2482 2739 2525 ne-

686 2572 882 2658 gotiis
922 2570 1318 2636 secularibus
1366 2571 1735 2636 abstineant
1793 2573 2031 2657 (qualia
2074 2582 2229 2637 sunt
2267 2570 2740 2636 testamentari-

687 2706 898 2763 orum,
926 2684 1029 2747 vel
1060 2693 1499 2763 executurum,
1528 2684 1634 2747 vel
1662 2695 2157 2769 procuratorum
2186 2705 2402 2748 rerum
2433 2682 2739 2760 civilium,

691 2805 805 2856 aut
832 2793 903 2856 id
931 2813 1139 2876 genus
1169 2792 1399 2874 officia)
1435 2814 1557 2857 nec
1586 2815 1664 2857 ea
1690 2793 1840 2857 ullis
1870 2793 2172 2878 precibus
2203 2793 2468 2857 adducti
2497 2793 2741 2856 obeun-

690 2905 776 2967 da
819 2903 1196 2988 suscipiant,
1239 2903 1342 2967 vel
1380 2902 1450 2966 in
1492 2903 1620 2967 illis
1665 2926 1733 2968 se
1774 2904 2076 2989 occupari
2121 2904 2358 2968 sinant.
2451 2904 2650 2970 Quod
2688 2903 2743 2967 si

694 3013 1133 3098 collegiorum
1169 3011 1384 3096 aliqua
1433 3014 1695 3098 negotia
1741 3013 2078 3077 tractanda
2127 3012 2391 3091 fuerint,
2431 3034 2585 3077 suos
2628 3014 2744 3076 ha-

691 3123 890 3188 beant
940 3133 1408 3207 procuratores,
1454 3146 1572 3209 per
1619 3145 1782 3207 quos
1833 3146 1910 3187 ea
1954 3129 2256 3202 tractent,
2307 3134 2374 3186 et
2427 3121 2582 3207 jura
2627 3144 2745 3187 sua

693 3246 1020 3301 tueantur.
1109 3234 1179 3299 Si
1221 3256 1372 3299 vero
1420 3235 1504 3299 ad
1555 3236 1783 3299 domos
1837 3234 2200 3314 Societatis,
2249 3234 2353 3297 vel
2399 3234 2482 3298 ad
2534 3240 2746 3298 totum

696 3347 836 3433 ejus
867 3369 1102 3433 corpus
1133 3347 1500 3433 pertinent:
1548 3347 1680 3431 quo
1711 3368 1938 3432 pacem
1984 3368 2169 3410 suam
2212 3345 2443 3410 melius
2489 3367 2746 3410 conser-

694 3482 843 3523 vare
902 3459 1111 3543 possit
1170 3459 1508 3537 Societas3
1591 3458 1765 3522 idem
1830 3468 2229 3543 procurator,
2297 3458 2401 3522 vel
2452 3456 2615 3520 alius
2667 3478 2747 3519 ex

701 3569 1226 3653 coadjutoribus,
1253 3570 1358 3633 vel
1398 3569 1663 3633 demum
1708 3569 1939 3654 aliquis
1976 3581 2157 3633 extra
2188 3569 2596 3647 Societatem,
2637 3575 2749 3630 aut

699 3679 972 3745 Familia
1019 3680 1364 3765 quaepiam,
1414 3700 1560 3762 quae
1611 3680 1844 3742 domus
1890 3679 2325 3764 patrocinium
2375 3678 2749 3763 susciperet,

689 3791 803 3877 jus
835 3791 1175 3856 Societatis
1206 3792 1290 3853 ad
1317 3788 1627 3874 majorem
1658 3789 1785 3853 Dei
1815 3790 2086 3873 gloriam
2115 3801 2338 3874 posset
2368 3789 2729 3853 defendere.

615 3910 654 3967 8
702 3903 952 3967 Eadem
983 3902 1062 3966 de
1094 3923 1309 3980 causa,
1353 3909 1556 3985 utque
1601 3900 2071 3985 inquietudinis
2117 3901 2155 3963 a
2192 3907 2416 3963 nostra
2451 3897 2754 3984 professi-

701 4035 825 4077 one
857 4012 1080 4076 alienae
1112 4013 1482 4076 occasiones
1513 4013 1859 4089 evitentur,
1890 4022 1956 4074 et
1994 4009 2225 4074 melius
2269 4031 2399 4095 pax
2442 4030 2515 4073 ac
2558 4009 2755 4072 bene-

700 4123 983 4188 volentia
1013 4146 1163 4187 cum
1195 4123 1498 4186 omnibus
1530 4123 1614 4186 ad
1642 4122 1950 4208 majorem
1974 4121 2100 4185 Dei
2130 4120 2401 4206 gloriam
2421 4139 2755 4183 conserve-

702 4246 832 4312 tur,
884 4255 1075 4298 nemo
1128 4256 1208 4297 ex
1269 4233 1604 4313 ProfessiS,
1663 4233 1767 4297 vel
1826 4231 2352 4317 Coadjutoribus‚
2411 4229 2513 4295 vel
2561 4228 2755 4292 etiam
