3146 5014
539 513 621 588 78
1301 534 1956 580 οοΝειτῐΤυτιοΝυΜ

671 696 1089 762 satisfaciant.
1180 697 1304 761 Per
1361 710 1619 764 nostros
1680 708 1896 765 autem
1957 721 2033 764 ea
2090 702 2350 765 tractari
2401 705 2725 784 convenit,

672 830 820 892 quae
856 818 1096 873 nostrae
1140 809 1461 873 vocationi
1505 812 1591 873 ad
1630 810 1757 874 Dei
1797 811 2071 895 gloriam
2120 813 2328 898 magis
2377 822 2534 879 sunt
2572 838 2726 881 con-

676 926 1003 983 sentanea.

589 1037 626 1093 5
678 1028 849 1093 Cum
908 1028 1206 1093 homines
1265 1028 1491 1094 itidem
1550 1030 1747 1115 hujus
1811 1031 2151 1095 Societatis
2213 1052 2468 1117 semper
2519 1034 2727 1118 parati

675 1162 817 1203 esse
849 1139 1129 1203 debeant
1158 1139 1241 1203 ad
1271 1138 1764 1204 discurrendum
1794 1161 1913 1225 per
1941 1141 2203 1225 quasvis
2235 1143 2467 1205 mundi
2488 1153 2727 1227 partes,

677 1271 808 1333 quo
838 1250 1081 1315 fuerint
1123 1273 1163 1315 a
1194 1250 1465 1315 Summo
1499 1251 1837 1329 Pontifice,
1866 1251 1970 1316 vel
2012 1273 2051 1314 a
2096 1252 2231 1316 suis
2275 1252 2729 1337 Superioribus

676 1359 898 1439 missi3
950 1381 1084 1435 non
1129 1360 1370 1425 debent
1413 1382 1636 1425 curam
1681 1361 2064 1440 animarum,
2094 1383 2307 1447 neque
2338 1363 2494 1427 item
2527 1362 2731 1426 Muli-

678 1492 861 1533 erum
915 1469 1410 1555 Religiosarum,
1455 1471 1559 1535 vel
1618 1471 1885 1534 aliarum
1946 1494 2480 1557 quarumcunque
2529 1471 2731 1536 susci-

678 1602 854 1665 pere,
883 1591 960 1644 ut
989 1579 1307 1644 ordinarie
1336 1581 1593 1644 illarum
1623 1582 2060 1646 confessiones
2090 1582 2380 1662 audiant,
2409 1583 2514 1647 vel
2557 1582 2731 1666 ipsas

679 1698 948 1774 regant3
996 1690 1289 1756 Quanvis
1319 1691 1485 1754 nihil
1511 1702 1833 1778 repugnet
1878 1692 2078 1755 semel
2120 1694 2317 1757 unius
2349 1692 2734 1758 Monasterii

683 1801 1122 1866 confessiones
1152 1801 1236 1865 ob
1267 1800 1578 1886 speciales
1610 1824 1835 1865 causas
1867 1803 2109 1866 audire.

597 1918 638 1974 6
686 1910 982 1996 Obligari
1020 1911 1215 1975 etiam
1250 1913 1335 1975 ad
1377 1911 1609 1975 missas
1653 1924 1999 1997 perpetuas
2043 1913 2112 1975 in
2159 1913 2294 1976 suis
2325 1912 2609 1977 ecclesiis
2639 1913 2735 1976 di-

685 2021 947 2101 cendas,
975 2022 1078 2086 vel
1107 2022 1191 2085 ad
1221 2042 1442 2086 curam
1474 2022 1770 2101 similem,
1802 2044 1998 2107 quam
2041 2023 2306 2087 libertas
2337 2031 2559 2088 nostro
2588 2045 2737 2108 pro-

687 2132 963 2198 cedendi
989 2133 1185 2198 modo
1213 2133 1284 2196 in
1303 2133 1591 2198 Domino
1620 2134 1982 2198 necessaria
2011 2156 2146 2198 non
2174 2135 2441 2220 patitur,
2471 2134 2738 2197 minime

686 2245 1012 2309 convenit.

605 2356 644 2431 7
691 2354 791 2419 Ut
847 2353 1104 2440 plenius
1163 2353 1372 2438 possit
1431 2354 1721 2418 Societas
1788 2355 1982 2418 rebus
2044 2355 2486 2440 spiritualibus
2551 2353 2743 2438 juxta

691 2487 887 2531 suum
932 2465 1322 2531 Institutum
1363 2486 1634 2544 vacare3
1697 2466 2052 2553 quoadejus
2097 2466 2238 2531 fieri
2273 2465 2533 2552 poterit,
2563 2466 2600 2528 a
2628 2488 2743 2530 ne-

690 2576 886 2663 gotiis
926 2576 1322 2642 secularibus
1369 2576 1739 2641 abstineant
1796 2578 2035 2661 (qualia
2077 2588 2233 2642 sunt
2271 2576 2744 2641 testamentari-

691 2711 902 2768 orum,
929 2689 1034 2752 vel
1063 2698 1502 2768 executorum,
1531 2689 1637 2752 vel
1666 2699 2161 2773 procuratorum
2188 2711 2406 2753 rerum
2437 2687 2744 2766 civilium,

695 2808 808 2861 aut
837 2798 907 2861 id
935 2819 1143 2881 genus
1173 2797 1403 2879 officia)
1438 2820 1558 2863 nec
1590 2820 1666 2863 ea
1694 2799 1844 2863 ullis
1873 2798 2176 2883 precibus
2206 2798 2472 2863 adducti
2500 2798 2746 2861 obeun-

694 2910 780 2972 da
823 2908 1201 2993 suscipiant,
1244 2909 1347 2972 vel
1384 2908 1454 2971 in
1495 2909 1623 2973 illis
1669 2931 1736 2973 se
1778 2910 2081 2994 occupari
2125 2909 2363 2974 sinant.
2455 2910 2654 2976 Quod
2692 2908 2747 2972 si

698 3018 1137 3103 collegiorum
1174 3017 1387 3102 aliqua
1437 3019 1698 3103 negotia
1746 3020 2082 3083 tractanda
2131 3018 2395 3098 fuerint,
2436 3040 2589 3082 suos
2632 3019 2748 3081 ha-

696 3129 895 3193 beant
944 3138 1413 3213 procuratores,
1458 3151 1577 3214 per
1622 3151 1784 3214 quos
1837 3151 1915 3193 ea
1958 3135 2260 3208 tractent,
2311 3138 2378 3192 et
2431 3126 2586 3212 jura
2632 3151 2749 3192 sua

697 3251 1024 3305 tueantur.
1113 3239 1183 3304 Si
1226 3261 1377 3305 vero
1424 3240 1508 3303 ad
1560 3240 1787 3305 domos
1841 3239 2204 3319 SocietatiS,
2253 3239 2356 3304 vel
2402 3240 2487 3302 ad
2537 3246 2750 3303 totum

700 3353 840 3439 ejus
872 3374 1106 3438 corpus
1137 3352 1504 3438 pertinent:
1552 3354 1684 3436 quo
1715 3373 1942 3437 pacem
1987 3374 2173 3416 suam
2216 3351 2447 3415 melius
2492 3373 2750 3415 conser-

698 3487 847 3529 vare
906 3464 1115 3549 possit
1174 3464 1512 3542 Societas3
1595 3464 1769 3527 idem
1834 3473 2232 3549 procurator,
2301 3464 2405 3527 vel
2456 3462 2619 3526 alius
2671 3484 2750 3525 ex

705 3575 1229 3659 coadjutoribus,
1257 3575 1362 3638 vel
1403 3574 1667 3638 demum
1712 3575 1943 3659 aliquis
1979 3586 2160 3639 extra
2191 3574 2600 3652 Societatem,
2641 3580 2753 3636 aut

703 3685 977 3751 Familia
1023 3685 1369 3771 quaepiam,
1418 3706 1564 3768 quae
1614 3684 1848 3748 domus
1895 3686 2329 3768 patrocinium
2378 3684 2751 3768 susciperet,

694 3797 807 3882 jus
840 3796 1179 3862 Societatis
1210 3795 1293 3859 ad
1321 3793 1631 3879 majorem
1663 3794 1790 3858 Dei
1819 3795 2089 3880 gloriam
2118 3804 2340 3879 posset
2370 3793 2732 3858 defendere.

619 3915 658 3972 8
706 3909 956 3973 Eadem
987 3907 1066 3971 de
1098 3929 1313 3985 causa,
1357 3914 1560 3991 utque
1605 3905 2076 3990 inquietudinis
2121 3906 2159 3968 a
2195 3912 2420 3969 nostra
2455 3902 2759 3989 professi-

706 4040 828 4082 one
861 4017 1085 4081 alienae
1116 4017 1486 4081 occasiones
1517 4018 1863 4094 evitentur,
1894 4027 1959 4079 et
1998 4015 2229 4079 melius
2274 4036 2402 4099 pax
2445 4035 2520 4077 ac
2563 4013 2758 4077 bene-

705 4129 987 4194 volentia
1017 4151 1167 4192 cum
1198 4128 1501 4191 omnibus
1534 4130 1619 4191 ad
1647 4127 1954 4212 majorem
1978 4126 2104 4190 Dei
2134 4125 2405 4211 gloriam
2425 4145 2761 4189 conserve-

707 4250 836 4317 tur,
888 4262 1079 4303 nemo
1132 4261 1212 4302 ex
1273 4238 1608 4316 ProfessiS,
1668 4238 1771 4303 vel
1830 4236 2356 4322 Coadjutoribus,
2415 4235 2518 4300 vel
2565 4233 2760 4298 etiam
