3146 5014
557 505 678 564 116
1306 513 1960 564 CONSTITUTIONUM

681 687 854 752 idem
885 673 1188 768 suffragia
1215 684 1606 768 promulget,
1639 705 1805 766 quae,
1836 695 1911 746 ut
1943 683 2286 761 sufficiant,
2318 669 2731 749 duas'tertia‘s

683 806 900 881 partes
931 794 1243 857 excedant
1273 802 1528 878 oportet
1546 820 1564 872 3
1612 805 1676 857 et
1706 805 1865 856 tunc
1905 816 1980 857 eo
2027 794 2344 878 depositO,
2390 795 2607 858 statim
2654 797 2732 858 de

687 906 808 968 alio
851 895 1147 988 eligendo
1190 911 1458 988 agatur:
1529 915 1615 982 et,
1658 904 1711 967 si
1751 904 1890 967 fieri
1924 914 2163 988 potest,
2199 926 2333 968 non
2372 905 2553 989 prius
2582 905 2732 968 inde

682 1015 1114 1100 egrediantur,
1159 1007 1354 1106 quam
1403 1009 1688 1077 Societas
1723 1014 2108 1078 Generalem
2141 1007 2571 1099 Praepositum
2615 1017 2731 1078 ha-

682 1126 873 1189 beat:
929 1135 994 1187 et
1026 1124 1080 1191 si
1110 1146 1185 1188 eo
1221 1117 1330 1187 die
1374 1146 1476 1187 res
1515 1123 1788 1208 transigi
1820 1123 1960 1187 'non
1997 1126 2256 1209 poterit,
2296 1125 2365 1187 in
2414 1126 2731 1209 sequenti,

683 1238 784 1301 vel
830 1259 1025 1321 quam
1071 1236 1550 1322 expeditissime
1596 1231 1735 1299 fieri
1778 1237 2035 1321 poterit,
2067 1238 2616 1321 quemadmodum
2660 1238 2730 1301 in

684 1361 908 1412 octava
936 1359 1119 1433 parte
1151 1348 1398 1411 dictum
1430 1358 1549 1427 est,
1581 1348 1993 1432 transigatur.

596 1469 631 1523 5
685 1460 753 1524 Si
786 1461 1074 1524 defectus
1115 1459 1498 1544 deprehensi
1533 1481 1666 1522 non
1706 1459 1946 1522 fuerint
1983 1459 2318 1544 ejusmodi,
2358 1471 2432 1523 ut
2469 1459 2729 1543 privan-

684 1571 804 1632 dus
837 1569 1045 1633 officio
1077 1592 1217 1647 su0,
1249 1568 1363 1632 sed
1404 1580 1660 1631 tantum
1706 1569 2123 1653 corrigendus
2159 1568 2524 1647 videretur3
2570 1589 2729 1652 qua·

681 1691 829 1743 tuor
858 1679 1198 1764 eligantur,
1230 1679 1465 1763 quibus
1497 1701 1651 1742 cura
1678 1678 2058 1763 injungatur
2102 1678 2552 1742 considerandi
2583 1700 2727 1761 quae

682 1791 990 1853 correctio
1022 1790 1080 1853 ei
1111 1789 1485 1853 conveniat:
1542 1799 1607 1852 et
1640 1789 1693 1852 si
1725 1811 1856 1851 non
1901 1789 2075 1852 idem
2121 1810 2346 1852 omnes
2394 1788 2728 1868 sentirent,

680 1900 944 1984 paribus
992 1900 1310 1983 suffragiis
1363 1899 1812 1978 existentibuS,
1859 1899 2125 1982 quintus
2172 1898 2583 1983 adjungatur,
2626 1898 2727 1962 vel

679 2020 810 2072 tres
841 2009 989 2088 alii3
1034 2019 1131 2087 ut,
1162 2009 1321 2092 quid
1349 2009 1417 2071 in
1450 2009 1736 2072 Domino
1769 2009 2129 2087 conveniat,
2161 2009 2579 2072 constituant.

592 2127 633 2183 6
682 2120 751 2184 Si
781 2120 1095 2182 accideret
1128 2118 1557 2202 Praepositum
1593 2118 1977 2182 Generalem
2010 2119 2092 2182 ad
2125 2119 2460 2182 Societatis
2492 2119 2727 2203 guber-

679 2229 1007 2293 nationem
1037 2251 1175 2292 esse
1206 2228 1523 2308 inutilem,
1554 2251 1622 2292 re
1653 2230 1890 2314 partim
1923 2251 2137 2292 coram
2168 2251 2266 2308 e0,
2297 2240 2362 2292 et
2390 2230 2625 2313 partim
2656 2230 2726 2294 in

678 2339 817 2425 ejus
859 2339 1151 2403 absentia
1189 2339 1450 2423 agitata,
1496 2340 1892 2425 dispiciatur,
1938 2363 2021 2405 an
2061 2340 2209 2425 eligi
2250 2340 2581 2403 Vicarium
2615 2341 2727 2405 ab·-

680 2451 891 2515 soluta
938 2472 1088 2515 cum
1139 2461 1483 2536 potestate,
1532 2451 1804 2535 quanvis
1867 2451 2003 2516 sine
2065 2450 2324 2515 nomine
2387 2451 2724 2536 Praepositi

682 2562 1017 2626 Generalis
1061 2562 1372 2646 (quandiu
1422 2561 1653 2625 vixerit
1704 2563 1816 2645 qui
1856 2574 2014 2625 tunc
2059 2564 2216 2644 erat)
2269 2569 2595 2647 oporteat:
2658 2574 2724 2625 et

677 2673 764 2751 id,
797 2673 851 2736 si
880 2673 1197 2757 pluribus,
1230 2694 1421 2755 quam
1469 2672 1750 2735 dimidiae
1794 2673 1964 2757 parti
2010 2673 2481 2757 suffragiorum,
2511 2672 2721 2736 visum

675 2783 890 2860 fuerit,
939 2783 1030 2845 sic
1083 2782 1405 2866 agendum
1456 2782 1596 2846 erit.
1688 2782 1756 2846 Si
1804 2782 1872 2845 id
1920 2783 2353 2846 necessarium
2399 2784 2533 2846 sore
2586 2804 2720 2846 non

666 2891 1054 2976 judicarent,
1083 2892 1436 2955 videndum
1466 2892 1610 2970 erit,
1641 2915 1723 2955 an
1753 2905 1989 2978 praeter
2018 2893 2345 2956 ministros
2377 2893 2540 2972 illos,
2561 2915 2721 2977 quo-

674 3024 820 3064 rum
864 3023 1058 3085 opera
1099 3001 1433 3065 Generalis
1478 3002 1802 3081 utebatur,
1851 3002 2135 3065 Societas
2182 3003 2337 3066 alios
2383 3004 2719 3086 providere

676 3111 927 3190 debeat,
958 3123 1053 3190 ut,
1085 3112 1416 3177 sublevato
1446 3114 1654 3197 magis
1686 3136 1760 3176 eo
1793 3121 1858 3175 et
1887 3113 2131 3197 adjut0,
2162 3134 2295 3175 non
2327 3113 2721 3177 desiderare-

674 3234 801 3301 tur,
840 3222 1016 3305 quod
1060 3223 1142 3286 ad
1184 3223 1717 3308 gubernationem
1765 3224 2100 3288 Societatis
2146 3224 2538 3288 conveniret.
2628 3225 2718 3289 Et

670 3355 746 3397 ea
790 3333 860 3397 in
912 3356 980 3397 re
1030 3334 1211 3419 sequi
1259 3335 1582 3419 oportebit
1630 3336 1806 3418 quod
1856 3336 2026 3419 pluS,
2069 3356 2263 3418 quam
2311 3334 2524 3397 media
2561 3357 2713 3420 pars

674 3467 919 3524 eorum,
959 3447 1072 3530 qui
1120 3446 1491 3531 congregati
1548 3453 1722 3525 sunt,
1772 3446 2089 3510 statuerit.
2181 3446 2250 3509 Si
2295 3459 2590 3531 ageretur
2636 3448 2715 3511 de

672 3554 1007 3639 dignitate,
1039 3578 1234 3639 quam
1264 3564 1340 3619 ut
1367 3557 1722 3641 plurimum
1766 3557 1904 3642 pati
1949 3579 2081 3620 non
2126 3568 2343 3641 potest
2376 3557 2715 3642 Praepositi

670 3665 992 3746 officium3
1038 3667 1092 3730 si
1121 3690 1255 3730 non
1285 3668 1670 3752 compulerit
1701 3668 1846 3732 talis
1878 3668 2242 3733 obedientia
2273 3668 2511 3732 summi
2544 3669 2715 3732 Pon-

669 3778 883 3857 tificis,
914 3799 1061 3862 quae
1091 3780 1174 3842 ad
1202 3790 1543 3864 peccatum
1572 3778 1855 3864 obligare
1886 3792 2144 3864 posset,
2197 3802 2299 3843 res
2343 3781 2411 3842 in
2457 3779 2715 3844 consul-

667 3889 980 3952 tationem
1013 3912 1095 3952 ne
1127 3890 1525 3954 adducatur:
1575 3889 1689 3953 sed
1718 3889 1787 3953 id
1813 3890 2078 3954 omnino
2109 3901 2420 3974 tanquam
2466 3901 2713 3955 certum

623 4076 626 4079 Ἴ
668 3999 1045 4080 tenendum,
1091 4022 1211 4063 nec
1256 4001 1508 4080 debere,
1539 4023 1660 4065 nec
1703 4022 1894 4086 posse
1939 4023 2327 4065 consensum
2370 4002 2452 4065 ad
2486 4000 2714 4086 hujus-

599 4160 604 4165 ,
667 4109 843 4171 modi
874 4109 1254 4194 dignitatem
1285 4112 1752 4177 admittendam
1783 4111 2096 4197 praestari.
