3146 5014
579 467 660 525 98
1343 485 1994 532 οοΝεΤιΤυΤιοΝυΜ

703 668 818 711 sex
847 648 1173 713 mensium
1203 649 1327 713 erit
1355 671 1395 713 a
1424 662 1739 736 tempore,
1771 675 1902 737 quo
1931 653 2191 734 litterae,
2222 677 2370 739 quae
2417 657 2495 721 de
2540 659 2664 722 hac
2693 682 2762 723 re

703 760 1305 840 commonefacient,
1359 762 1620 847 scriptae
1682 764 1945 829 fuerint.
2037 767 2378 852 Prorogari
2430 779 2649 833 tamen
2692 771 2763 834 id

700 881 978 955 tempus*
1030 872 1272 957 poterit
1304 898 1323 951 3
1398 873 1550 937 cum
1625 875 1978 939 necessitas
2052 877 2500 961 postulaverit.
2590 880 2759 944 Cum

696 1004 848 1046 vero
879 982 1037 1048 alias
1068 984 1154 1048 ob
1187 1006 1414 1048 causas
1460 985 1657 1048 fuerit
1703 988 2179 1072 congreganda,
2214 988 2552 1055 Generalis
2586 991 2760 1055 Prae-

697 1094 952 1177 positus
982 1117 1102 1179 pro
1135 1117 1253 1159 suo
1285 1096 1601 1160 arbitratu
1631 1109 1891 1182 tempus
1924 1098 2313 1183 designabit.

608 1212 647 1269 3
699 1205 944 1270 Modus
976 1206 1045 1269 in
1077 1208 1533 1291 congreganda
1565 1208 1888 1271 Societate
1921 1210 2276 1273 servandus
2320 1211 2427 1274 hic
2471 1210 2634 1290 erit3
2681 1224 2756 1275 ut

694 1316 824 1396 ille,
857 1317 1043 1402 cujus
1079 1318 1205 1381 hoc
1251 1329 1351 1381 est
1397 1340 1660 1397 munus,
1708 1320 2053 1383 confestim
2096 1320 2287 1384 variis
2331 1320 2453 1384 viis
2487 1322 2758 1385 Provin-

693 1429 907 1508 cialeS,
938 1441 1005 1493 et
1036 1429 1205 1515 siqui
1237 1452 1316 1493 ex
1349 1430 1665 1494 Professis
1708 1430 2038 1515 sigillatim
2083 1432 2482 1496 convocandi
2512 1444 2753 1512 essent,

691 1541 1020 1625 adscripta
1056 1543 1399 1626 (quantum
1447 1553 1546 1604 sat
1593 1563 1734 1605 esse
1781 1542 1909 1626 ipsi
1938 1542 2288 1624 videbitur)
2326 1564 2542 1621 causa,
2585 1543 2752 1623 loco,

691 1659 757 1715 et
801 1663 1114 1736 tempore,
1160 1659 1521 1716 conventus
1564 1652 1872 1732 habendi,
1925 1652 2229 1716 certiores
2274 1654 2490 1732 faciat,
2530 1654 2753 1717 admo-

687 1786 852 1827 nens
884 1785 1166 1847 quoque,
1206 1775 1282 1827 ut
1317 1762 1561 1847 ubique
1602 1763 1816 1826 missae
1863 1763 2289 1843 celebrentur,
2321 1774 2388 1828 et
2431 1763 2749 1828 orationes

686 1875 850 1959 fiant
880 1896 1000 1958 pro
1030 1874 1200 1936 felici
1225 1874 1565 1958 Praepositi
1597 1874 1934 1937 electione.
2026 1874 2499 1958 Unusquisque
2532 1885 2747 1937 autem

690 1984 1191 2048 Provincialium
1258 1984 1337 2067 (si
1409 1984 1537 2069 ipsi
1614 1985 1734 2048 soli
1808 1984 2090 2069 eligendi
2163 1996 2554 2070 potestatem
2614 2008 2747 2049 non

686 2095 1055 2177 habuerint)
1094 2096 1449 2174 Professos,
1491 2096 1605 2179 qui
1647 2096 1717 2160 in
1760 2096 1967 2182 ipsius
2012 2096 2345 2180 provincia
2386 2108 2748 2177 versantur,

689 2209 1000 2276 Rectores
1046 2229 1328 2292 quoque,
1360 2219 1425 2271 et
1468 2207 1705 2272 locales
1740 2208 2156 2293 Praepositos,
2187 2209 2302 2293 qui
2344 2210 2563 2273 venire
2608 2210 2745 2273 sine

684 2341 924 2404 magno
972 2319 1386 2382 incommodo
1446 2319 1725 2404 possint,
1774 2320 2180 2384 convocabit.
2272 2320 2408 2384 Ubi
2457 2343 2609 2384 vero
2663 2322 2746 2385 ad

683 2434 1273 2521 Congregationem
1302 2432 1762 2519 provincialem
1794 2434 2238 2514 convenerint,
2269 2434 2511 2520 eligent
2540 2434 2742 2519 pluri-

677 2546 860 2610 ribus
892 2545 1215 2631 suffragiis
1246 2545 1688 2628 (Provincialis
1720 2546 2044 2609 sententia
2072 2568 2192 2630 pro
2223 2546 2480 2609 duobus
2512 2547 2740 2609 suffra-

678 2658 802 2743 giis
847 2657 1207 2740 numerata)
1260 2678 1390 2736 eos,
1433 2657 1546 2740 qui
1591 2657 1675 2719 ad
1713 2657 2078 2742 generalem
2126 2657 2543 2721 Conventum
2587 2660 2739 2720 mit-

677 2778 943 2847 tantur3
1009 2768 1123 2852 qui
1168 2789 1309 2830 esse
1353 2767 1398 2830 ii
1447 2766 1801 2847 debebunt,
1855 2789 2019 2852 quos
2066 2768 2274 2852 magis
2328 2767 2626 2852 expediat
2678 2768 2737 2831 ei

676 2878 1027 2943 conventui
1074 2877 1407 2957 interesse,
1468 2889 1534 2941 et
1588 2900 1864 2962 quorum
1918 2877 2212 2941 absentia
2262 2878 2482 2941 minus
2538 2878 2736 2940 detri-

673 2990 880 3053 menti
913 2989 1270 3053 Provinciae
1303 2989 1390 3053 sit
1420 2989 1712 3053 allatura.
1805 2989 1944 3074 Ipsi
1987 2989 2163 3067 vero,
2210 2989 2405 3073 quam
2448 2989 2733 3073 primum

670 3110 1003 3187 poterunt,
1026 3102 1108 3165 ad
1139 3101 1570 3165 constitutum
1588 3101 1829 3181 locum,
1851 3100 2093 3164 relictis
2123 3100 2191 3163 in
2218 3100 2351 3163 suis
2373 3101 2731 3164 Provinciis

668 3213 966 3292 Vicariis,
997 3224 1063 3277 et
1091 3212 1286 3276 rebus
1318 3212 1623 3275 omnibus
1668 3212 1835 3276 bene
1882 3210 2283 3296 compositiS,
2315 3211 2731 3297 proficiscen—

671 3336 800 3389 tur.

579 3444 621 3500 4
670 3436 1013 3500 Curabunt
1043 3447 1355 3521 praeterea
1388 3435 1788 3521 SuperioreS,
1819 3444 1895 3496 ut
1926 3454 2176 3512 omneS,
2207 3433 2320 3517 qui
2352 3433 2473 3496 sub
2506 3432 2728 3496 obedi-

664 3547 843 3610 entia
903 3546 1242 3611 Societatis
1303 3547 1554 3626 vivunt,
1618 3545 1908 3631 quotidie
1969 3544 2039 3607 in
2094 3543 2496 3607 orationibus
2544 3554 2610 3606 et
2655 3543 2723 3606 in

658 3660 1004 3725 missarum
1036 3660 1363 3725 sacrificiis
1393 3660 1749 3745 plurimum
1781 3658 2069 3723 Domino
2101 3657 2560 3721 commendent
2591 3678 2723 3736 eoS,

660 3773 772 3859 qui
794 3775 877 3838 ad
899 3774 1265 3859 generalem
1292 3771 1884 3856 Congregationem
1909 3792 1977 3833 se
2002 3770 2386 3848 conferunt3
2418 3781 2483 3832 et
2508 3767 2723 3846 simul,

657 3898 756 3964 ut,
788 3886 1106 3972 quidquid
1136 3887 1204 3949 in
1249 3908 1325 3949 ea
1368 3884 1788 3969 transigetur,
1820 3884 1901 3946 ad
1946 3882 2157 3969 majus
2204 3881 2612 3966 obsequium,
2657 3890 2723 3943 et

653 3994 936 4076 laudem,
968 4008 1033 4060 et
1063 3996 1357 4080 gloriam,
1389 3994 1592 4061 divini
1622 3993 1905 4061 nominis
1937 3993 2145 4056 cedat.
