3146 5014
1306 530 1488 574 PARs
1538 531 1792 576 snx'rA.
2518 522 2598 596 79

551 694 968 761 Scholasticis
1015 693 1354 760 Societatis
1397 697 1467 760 in
1512 697 1725 761 causis
1767 697 2086 778 civilibus,
2115 700 2355 765 nedum
2388 702 2602 767 crimi-

549 808 830 887 nalibus,
887 829 955 872 se
1005 810 1358 872 eoeaminari
1420 811 1594 888 (nisi,
1646 813 1755 893 qui
1814 813 1902 875 ad
1941 819 2275 894 peccatum
2324 816 2602 898 obliyare

538 926 777 1001 potest,
838 919 1255 999 compelleret)
1319 920 1454 982 sine
1514 920 1768 984 licentia
1829 922 2193 1003 Superioris
2238 927 2600 1005 permittat.

554 1028 863 1114 Superior
900 1038 1119 1092 autem
1161 1050 1303 1092 eam
1350 1028 1618 1093 minime
1653 1030 1856 1111 dabit,
1900 1032 2026 1096 nisi
2069 1033 2138 1096 in
2179 1034 2411 1113 causis,
2456 1058 2602 1119 quae

553 1139 636 1202 ad
667 1138 1072 1223 Religionem
1105 1139 1507 1203 Catholicam
1538 1140 1888 1225 pertinent,
1917 1142 2021 1206 vel
2065 1142 2304 1228 alioqui
2345 1145 2417 1207 in
2455 1145 2603 1230 piis,

553 1272 700 1334 quae
741 1249 832 1314 sic
878 1250 1120 1315 cedunt
1170 1249 1240 1312 in
1278 1248 1476 1334 hujus
1527 1251 1835 1332 favorem,
1878 1260 1956 1316 ut
1992 1253 2061 1317 in
2098 1254 2360 1319 alterius
2409 1257 2605 1320 detri-

551 1372 847 1425 mentum
876 1383 1012 1426 non
1041 1361 1312 1438 cedant3
1359 1360 1905 1447 Quandoquidem
1929 1364 2226 1429 Instituti
2254 1368 2460 1431 nostri
2483 1379 2603 1448 est,

553 1472 690 1536 sine
722 1471 1108 1557 cujusquam
1139 1471 1513 1551 offensione,
1533 1483 1854 1556 quantum
1885 1475 2024 1539 fieri
2054 1487 2293 1561 potest,
2311 1479 2603 1542 omnium

552 1582 621 1645 in
652 1583 939 1648 Domino
970 1582 1329 1646 commodis
1358 1582 1689 1648 inservire.

479 1899 572 1940 DE
607 1898 946 1956 AUXILIO,
979 1897 1177 1945 QUOD
1211 1897 1728 1941 MORIENTIBUS
1763 1899 1843 1940 IN
1879 1898 2306 1958 socm'rA'rE,
2339 1900 2430 1942 ΕΤ
2462 1900 2557 1942 DE

578 2007 1036 2066 SUFFRAGIIS,
1071 1994 1234 2056 ‘QUAE
1269 2008 1599 2051 MORTUIS
1634 2007 1894 2051 EADEM
1930 2009 2456 2053 PRAESTAN'PUR.

1331 2109 1529 2174 CAP.
1577 2109 1698 2174 IV.

471 2240 500 2295 1
552 2232 664 2296 Um
693 2232 764 2295 in
793 2232 928 2295 vita
954 2231 1276 2311 universa,
1304 2231 1399 2294 ita
1427 2242 1493 2296 et
1522 2231 1592 2295 in
1636 2242 1843 2296 morte
1888 2238 1955 2295 et
1997 2231 2205 2296 multo
2247 2233 2605 2317 impensius

551 2342 998 2426 unusquisque
1031 2341 1111 2404 de
1133 2341 1454 2405 Societate
1485 2341 1667 2421 eniti,
1690 2352 1756 2405 et
1774 2363 1995 2405 curare
2015 2342 2228 2423 debet,
2245 2354 2323 2407 ut
2343 2343 2414 2406 in
2437 2344 2605 2429 seip-

551 2475 623 2518 so
654 2454 838 2519 Deus
869 2475 943 2517 ac
974 2453 1300 2518 Dominus
1346 2463 1568 2518 noster
1610 2453 1656 2518 J
1661 2452 1891 2517 ESUS
1939 2452 2241 2518 Christus
2286 2455 2605 2539 glorifice-

555 2575 683 2645 tur,
712 2564 1045 2649 ipsiusque
1075 2563 1559 2648 beneplacitum
1589 2562 1955 2648 impleatur,
1987 2575 2053 2626 et
2096 2562 2373 2647 proximi
2402 2565 2604 2627 aedifi-

553 2687 804 2754 centur,
834 2675 1063 2739 saltem
1092 2675 1163 2738 in
1194 2675 1491 2760 exemplo
1521 2672 1874 2759 patientiae,
1906 2694 1979 2736 ac
2009 2672 2430 2753 fortitudiniS‚
2453 2696 2604 2738 cum

553 2786 681 2849 fide
711 2784 878 2863 viva,
908 2807 982 2848 ac
1015 2807 1151 2870 spe,
1183 2792 1250 2849 et
1280 2805 1495 2849 amore
1539 2784 1862 2847 bonorum
1905 2783 2163 2847 illorum
2193 2793 2606 2865 aeternorum,

555 2918 701 2979 quae
749 2896 936 2960 nobis
987 2895 1292 2960 Christus
1342 2894 1670 2959 Dominus
1730 2906 1952 2959 noster
2010 2905 2145 2958 tam
2204 2894 2606 2981 incompara-

553 3007 793 3071 bilibus
852 3007 1002 3071 vitae
1064 3029 1199 3070 suae
1259 3006 1633 3091 temporalis
1691 3005 2044 3086 laboribus,
2091 3019 2158 3070 et
2203 3013 2410 3070 morte
2456 3029 2605 3092 pro-

553 3119 811 3197 meruit,
853 3131 918 3182 et
960 3117 1321 3202 acquisivit.
1412 3117 1584 3182 Cum
1636 3127 1856 3181 tamen
1896 3139 2187 3203 persaepe
2229 3118 2606 3203 hujusmodi

555 3229 639 3292 sit
668 3228 878 3292 morbi
916 3229 1101 3307 ratio,
1145 3240 1222 3291 ut
1251 3250 1446 3291 usum
1480 3227 1715 3291 virium
1758 3228 1991 3291 animae
2034 3250 2272 3313 magna
2300 3251 2380 3292 ex
2423 3241 2605 3314 parte

554 3340 907 3425 impediat3
971 3341 1250 3424 cumque
1289 3338 1666 3424 hujusmodi
1719 3338 1802 3402 sit
1853 3338 1959 3402 ille
2008 3338 2045 3401 a
2088 3339 2427 3423 temporali
2472 3341 2608 3404 vita

555 3452 867 3514 transitus
907 3461 984 3515 ut
1019 3461 1287 3535 propter
1336 3471 1563 3534 graves
1608 3448 2132 3532 impugnationes
2173 3448 2510 3512 Daemonis
2548 3451 2607 3533 (a

556 3583 686 3645 quo
719 3583 1125 3645 summopere
1156 3561 1350 3624 refert
1380 3572 1539 3622 tunc
1569 3580 1705 3621 non
1737 3557 2046 3642 superari)
2081 3559 2366 3643 requirat
2409 3581 2605 3644 pecu-

552 3672 695 3735 liari
741 3671 936 3735 modo
986 3672 1349 3735 subsidium
1396 3671 1696 3733 fraternae
1749 3668 2120 3748 charitatis3
2185 3669 2454 3734 sollicite
2494 3671 2607 3732 ad-

552 3793 761 3846 vertat
794 3783 1123 3868 Superior,
1153 3792 1250 3860 ut,
1281 3781 1394 3865 qui
1428 3781 1621 3866 juxta
1652 3780 1899 3843 Medici
1945 3781 2330 3843 sententiam
2364 3780 2444 3843 de
2473 3781 2608 3844 vita

552 3892 972 3975 periclitatur,
1033 3904 1381 3975 antequam
1439 3913 1568 3954 usu
1632 3889 1863 3974 judicii
1934 3889 2243 3973 privetur,
2304 3889 2605 3953 omnibus

553 4004 988 4067 Sacramentis
1039 4003 1280 4067 sanctis
1333 4002 1638 4085 acceptis,
1690 4011 2001 4083 tanquam
2055 4000 2247 4063 armis
2301 4022 2339 4063 a
2389 3999 2608 4064 divina

550 4113 931 4180 liberalitate
993 4114 1240 4178 Christi
1300 4112 1568 4175 Domini
1629 4110 1833 4175 nostri
1893 4111 2079 4174 nobis
2132 4109 2476 4190 concessiS,
2524 4112 2607 4175 ad
