3146 5014
1182 529 1366 571 PARs
1415 529 1739 575 QUARTA.
2477 510 2561 585 47

515 699 887 760 Romanum
945 702 1021 756 ut
1078 691 1286 777 magis
1359 691 1809 771 universalem,
1868 701 1933 755 et
2006 712 2201 774 quem
2260 692 2567 776 peculiari

516 808 798 894 quadam
826 804 1075 869 ratione
1107 803 1308 868 Sedes
1338 803 1719 888 Apostolica
1756 803 2052 889 amplexa
2094 814 2215 883 est,
2245 815 2564 888 quantum

515 919 800 1005 patietur
827 916 1168 1001 regionum
1198 914 1495 994 varietas,
1526 925 1851 999 sequetur.

428 1041 468 1096 3
522 1033 605 1095 In
650 1027 1069 1094 concionibus
1110 1026 1329 1104 etiam,
1370 1037 1434 1089 et
1477 1026 1548 1089 in
1594 1027 1791 1090 sacris
1829 1025 2216 1089 lectionibus
2257 1048 2333 1090 eo
2373 1026 2566 1090 modo

519 1138 980 1227 proponendis,
1028 1138 1140 1221 qui
1192 1136 1604 1200 aedificationi
1661 1137 1889 1222 populi
1946 1136 2288 1201 conveniat
2343 1137 2477 1221 (qui
2530 1160 2569 1201 a

521 1249 921 1316 Scholastico
953 1248 1242 1313 diversus
1273 1248 1394 1330 est)
1420 1269 1488 1311 se
1519 1247 1715 1311 etiam
1744 1254 2105 1327 exerceant,
2136 1247 2567 1332 studeantque

528 1362 610 1426 ad
660 1361 730 1425 id
788 1382 1030 1424 munus
1083 1358 1458 1423 obeundum
1514 1358 1807 1443 linguam
1864 1359 2109 1444 populo
2159 1360 2568 1424 vernaculam

519 1475 682 1537 bene
714 1472 1063 1536 addiscere.
1153 1472 1284 1534 Res
1315 1470 1508 1534 etiam
1538 1470 1695 1534 alias
1733 1470 1971 1536 vidisse
2014 1483 2292 1556 oportet,
2322 1483 2389 1536 ct
2433 1494 2568 1557 prae

522 1583 822 1649 manibus
882 1582 1141 1660 habere,
1201 1602 1348 1666 quae
1409 1582 1494 1645 ad
1549 1582 1676 1646 hoc
1736 1582 2020 1646 officium
2079 1583 2271 1647 utiles
2330 1585 2568 1648 futurae

527 1707 724 1775 sunt3
769 1717 841 1759 ac
882 1695 1169 1773 demum,
1213 1705 1288 1757 ut
1339 1694 1572 1758 melius
1618 1706 1682 1758 et
1727 1717 1878 1758 cum
1921 1694 2149 1779 majori
2183 1696 2402 1759 fructu
2432 1697 2571 1759 ani-

528 1829 779 1871 marum
807 1807 877 1870 id
905 1828 1146 1870 munus
1177 1806 1437 1885 obeant,
1468 1807 1747 1870 omnibus
1775 1809 1997 1871 mediis
2024 1814 2313 1886 utantur,
2331 1808 2569 1891 quibus

525 1918 860 1983 commode
893 1917 1109 2002 juvari
1137 1916 1414 2002 possint.

434 2039 476 2094 4
526 2031 608 2093 In
667 2028 1024 2092 ministerio
1097 2027 1292 2091 etiam
1354 2026 1920 2091 Sacramentorum
1983 2029 2446 2109 Confessionis,
2506 2043 2571 2093 et

526 2138 1021 2205 Communionis
1045 2160 1182 2201 sese
1206 2147 1583 2217 exerceant3
1615 2149 1680 2201 et
1702 2160 1836 2202 non
1868 2137 2077 2202 solum
2095 2139 2273 2224 quod
2295 2139 2378 2203 ad
2398 2141 2573 2225 ipso-

524 2275 692 2332 rum,
716 2253 832 2316 sed
850 2251 1044 2316 etiam
1068 2251 1245 2335 quod
1267 2251 1350 2314 ad
1365 2250 1846 2336 poenitentium,
1865 2259 1931 2316 et
1952 2253 2572 2318 communicantium

526 2365 807 2429 officium
837 2363 1142 2449 pertinet,
1171 2374 1246 2426 ut
1289 2362 1454 2427 bene
1499 2385 1573 2427 ac
1618 2363 1865 2447 utiliter
1907 2365 1990 2429 ad
2030 2365 2156 2429 Dei
2201 2366 2469 2451 gloriam
2499 2389 2575 2431 ea

523 2476 907 2563 percipiant,
937 2486 1003 2539 et
1032 2475 1468 2560 frequentent,
1498 2485 1913 2561 perspectum
1957 2476 2192 2542 habere
2233 2499 2305 2542 ac
2346 2478 2574 2561 exequi

527 2597 776 2651 curent.

442 2707 478 2762 5
529 2699 637 2762 Ad
665 2696 968 2761 exercitia
998 2695 1355 2782 spiritualia
1385 2695 1524 2760 aliis
1555 2697 1890 2777 tradenda,
1918 2697 2265 2782 postquam
2304 2698 2576 2783 quisque

527 2810 596 2872 in
649 2831 717 2872 se
770 2830 847 2874 ea
892 2808 1088 2873 fuerit
1139 2820 1467 2893 expertus,
1516 2819 1929 2886 assuescant3
1997 2820 2062 2873 et
2110 2809 2268 2873 dent
2317 2832 2576 2895 operam

530 2942 776 2999 omnes,
799 2930 876 2983 ut
906 2929 971 2983 et
1002 2941 1226 2983 eorum
1254 2920 1520 2984 reddere
1549 2920 1885 3000 rationem,
1908 2931 1973 2983 et
2002 2919 2071 2982 in
2101 2921 2226 2984 hoc
2251 2943 2575 2985 armorum

533 3031 967 3117 spiritualium
997 3052 1231 3115 genere
1262 3032 1600 3095 tractando
1638 3032 1839 3116 (quod
1868 3032 1995 3095 Dei
2026 3033 2233 3118 gratia
2262 3034 2345 3097 ad
2373 3034 2578 3119 ipsius

532 3143 916 3227 obsequium
945 3153 1284 3228 tantopere
1315 3144 1604 3207 conferre
1646 3144 1951 3227 cernitur)
1988 3144 2435 3210 dexteritatem
2465 3147 2580 3209 ha-

531 3255 680 3319 bere
709 3253 986 3340 possint.

445 3372 487 3428 6
535 3365 841 3429 Studium
871 3363 1066 3428 etiam
1098 3386 1459 3450 congruum
1490 3365 1573 3429 ad
1603 3366 1870 3462 modum
1912 3366 2240 3429 tradendae
2271 3366 2581 3430 doctrinae

538 3476 922 3540 Christianae
976 3476 1467 3555 addiscendum,
1514 3476 1628 3559 qui
1689 3476 1772 3539 sit
1832 3477 2051 3562 captui
2110 3500 2459 3563 puerorum
2509 3500 2582 3542 ac

535 3587 795 3651 rudium
826 3589 1372 3667 accommodatuS,
1404 3587 1805 3653 adhibeatur.

448 3701 487 3775 7
538 3698 634 3763 Ut
663 3698 732 3761 in
764 3700 1058 3784 superius
1090 3698 1281 3763 dictis
1310 3700 1589 3784 proximi
1619 3701 1702 3763 ad
1740 3700 1906 3765 bene
1950 3701 2299 3766 vivendum
2347 3702 2584 3787 juvan-

534 3822 680 3874 tur:
728 3811 820 3875 ita
850 3813 1211 3875 curandum
1244 3822 1363 3891 est,
1394 3823 1469 3875 ut
1509 3834 1605 3891 ea,
1651 3834 1796 3896 quae
1842 3813 1925 3875 ad
1967 3811 2132 3875 bene
2176 3812 2583 3876 moriendum

534 3923 658 3987 illis
691 3925 1056 4004 conferunt,
1087 3924 1566 4010 percipiantur3
1626 3923 1864 4008 quique
1909 3924 2141 3987 modus
2185 3923 2256 3987 in
2301 3946 2376 3989 eo
2423 3936 2586 3989 tem-

532 4057 710 4120 pore,
760 4036 831 4099 in
884 4059 1015 4120 quo
1067 4048 1327 4100 tantum
1386 4043 1486 4099 est
1537 4037 1853 4101 momenti
1901 4038 1984 4101 ad
2035 4037 2234 4100 finem
2281 4036 2585 4103 ultimum

534 4158 794 4211 aeternae
823 4147 1155 4213 felicitatis
1180 4148 1737 4232 consequendum,
1766 4149 1870 4215 vel
1914 4148 1996 4214 ab
2028 4170 2103 4213 ea
2132 4147 2586 4232 excidendum,

532 4259 740 4324 teneri
772 4259 1025 4338 debeat,
1056 4260 1472 4345 intelligatur.
