<?xml version="1.0" encoding="UTF-8"?>
<!DOCTYPE html PUBLIC "-//W3C//DTD XHTML 1.0 Transitional//EN"
    "http://www.w3.org/TR/xhtml1/DTD/xhtml1-transitional.dtd">
<html xmlns="http://www.w3.org/1999/xhtml" xml:lang="en" lang="en">
 <head>
  <title>
</title>
<meta http-equiv="Content-Type" content="text/html;charset=utf-8" />
  <meta name='ocr-system' content='tesseract 3.04.00' />
  <meta name='ocr-capabilities' content='ocr_page ocr_carea ocr_par ocr_line ocrx_word'/>
</head>
<body>
  <div class='ocr_page' id='page_1' title='image "./constitutioness02jesugoog_0028.png"; bbox 0 0 3146 5014; ppageno 0'>
   <div class='ocr_carea' id='block_1_1' title="bbox 530 533 1933 586">
    <p class='ocr_par' dir='ltr' id='par_1_1' title="bbox 530 533 1933 586">
     <span class='ocr_line' id='line_1_1' title="bbox 530 533 1933 586; baseline -0.002 0"><span class='ocrx_word' id='word_1_1' title='bbox 530 533 606 586; x_wconf 91' lang='lat'>14</span> <span class='ocrx_word' id='word_1_2' title='bbox 1282 542 1933 586; x_wconf 71' lang='lat' dir='ltr'>CONsTI&#39;rUTIoNUM</span> 
     </span>
    </p>
   </div>
   <div class='ocr_carea' id='block_1_2' title="bbox 566 709 2744 4362">
    <p class='ocr_par' dir='ltr' id='par_1_2' title="bbox 651 709 2717 1331">
     <span class='ocr_line' id='line_1_2' title="bbox 665 709 2717 794; baseline 0 -20"><span class='ocrx_word' id='word_1_3' title='bbox 665 710 996 794; x_wconf 86' lang='lat' dir='ltr'>Superiori</span> <span class='ocrx_word' id='word_1_4' title='bbox 1027 710 1241 794; x_wconf 88' lang='lat' dir='ltr'>aliqua</span> <span class='ocrx_word' id='word_1_5' title='bbox 1271 712 1351 774; x_wconf 89' lang='lat' dir='ltr'>de</span> <span class='ocrx_word' id='word_1_6' title='bbox 1384 733 1578 775; x_wconf 88' lang='lat' dir='ltr'>causa</span> <span class='ocrx_word' id='word_1_7' title='bbox 1610 734 1741 774; x_wconf 92' lang='lat' dir='ltr'>non</span> <span class='ocrx_word' id='word_1_8' title='bbox 1772 711 1930 775; x_wconf 90' lang='lat' dir='ltr'>levis</span> <span class='ocrx_word' id='word_1_9' title='bbox 1962 711 2276 773; x_wconf 85' lang='lat' dir='ltr'><strong>momenti</strong></span> <span class='ocrx_word' id='word_1_10' title='bbox 2321 709 2495 774; x_wconf 85' lang='lat' dir='ltr'>aliud</span> <span class='ocrx_word' id='word_1_11' title='bbox 2540 712 2717 776; x_wconf 91' lang='lat' dir='ltr'>vide-</span> 
     </span>
     <span class='ocr_line' id='line_1_3' title="bbox 655 822 2713 908; baseline 0 -23"><span class='ocrx_word' id='word_1_12' title='bbox 655 824 784 904; x_wconf 90' lang='lat' dir='ltr'>tur)</span> <span class='ocrx_word' id='word_1_13' title='bbox 823 845 972 885; x_wconf 92' lang='lat' dir='ltr'>cum</span> <span class='ocrx_word' id='word_1_14' title='bbox 1004 822 1308 901; x_wconf 79' lang='lat' dir='ltr'>externiS,</span> <span class='ocrx_word' id='word_1_15' title='bbox 1337 823 1441 885; x_wconf 88' lang='lat' dir='ltr'>vel</span> <span class='ocrx_word' id='word_1_16' title='bbox 1471 822 1843 886; x_wconf 78' lang='lat' dir='ltr'>domesticis</span> <span class='ocrx_word' id='word_1_17' title='bbox 1876 835 2046 907; x_wconf 90' lang='lat' dir='ltr'>agat,</span> <span class='ocrx_word' id='word_1_18' title='bbox 2084 834 2518 908; x_wconf 76' lang='lat' dir='ltr'><strong>praeterquam</strong></span> <span class='ocrx_word' id='word_1_19' title='bbox 2562 845 2713 886; x_wconf 91' lang='lat' dir='ltr'>cum</span> 
     </span>
     <span class='ocr_line' id='line_1_4' title="bbox 653 934 2713 1019; baseline 0 -22"><span class='ocrx_word' id='word_1_20' title='bbox 653 934 754 1013; x_wconf 83' lang='lat' dir='ltr'>iis,</span> <span class='ocrx_word' id='word_1_21' title='bbox 786 935 898 1019; x_wconf 92' lang='lat' dir='ltr'>qui</span> <span class='ocrx_word' id='word_1_22' title='bbox 931 935 1013 997; x_wconf 93' lang='lat' dir='ltr'>ad</span> <span class='ocrx_word' id='word_1_23' title='bbox 1042 934 1111 997; x_wconf 94' lang='lat' dir='ltr'>id</span> <span class='ocrx_word' id='word_1_24' title='bbox 1141 934 1462 1019; x_wconf 88' lang='lat' dir='ltr'>designati</span> <span class='ocrx_word' id='word_1_25' title='bbox 1494 957 1531 996; x_wconf 92' lang='lat' dir='ltr'>a</span> <span class='ocrx_word' id='word_1_26' title='bbox 1563 935 1905 1019; x_wconf 89' lang='lat' dir='ltr'>Superiore</span> <span class='ocrx_word' id='word_1_27' title='bbox 1936 935 2200 999; x_wconf 88' lang='lat' dir='ltr'>fuerint.</span> <span class='ocrx_word' id='word_1_28' title='bbox 2292 935 2489 1000; x_wconf 73' lang='lat' dir='ltr'>Quod</span> <span class='ocrx_word' id='word_1_29' title='bbox 2518 936 2615 1014; x_wconf 87' lang='lat' dir='ltr'>fit,</span> <span class='ocrx_word' id='word_1_30' title='bbox 2640 947 2713 998; x_wconf 93' lang='lat' dir='ltr'>ut</span> 
     </span>
     <span class='ocr_line' id='line_1_5' title="bbox 651 1045 2713 1130; baseline 0 -23"><span class='ocrx_word' id='word_1_31' title='bbox 651 1045 917 1108; x_wconf 91' lang='lat' dir='ltr'>liberius</span> <span class='ocrx_word' id='word_1_32' title='bbox 950 1068 1170 1108; x_wconf 92' lang='lat' dir='ltr'>secum</span> <span class='ocrx_word' id='word_1_33' title='bbox 1202 1055 1267 1108; x_wconf 89' lang='lat' dir='ltr'>et</span> <span class='ocrx_word' id='word_1_34' title='bbox 1298 1068 1447 1108; x_wconf 92' lang='lat' dir='ltr'>cum</span> <span class='ocrx_word' id='word_1_35' title='bbox 1480 1047 1624 1108; x_wconf 91' lang='lat' dir='ltr'>Deo</span> <span class='ocrx_word' id='word_1_36' title='bbox 1666 1046 2027 1130; x_wconf 83' lang='lat' dir='ltr'>perpendat</span> <span class='ocrx_word' id='word_1_37' title='bbox 2071 1045 2476 1109; x_wconf 90' lang='lat' dir='ltr'>vocationem</span> <span class='ocrx_word' id='word_1_38' title='bbox 2507 1067 2713 1124; x_wconf 90' lang='lat' dir='ltr'>suam,</span> 
     </span>
     <span class='ocr_line' id='line_1_6' title="bbox 655 1156 2716 1242; baseline 0.001 -23"><span class='ocrx_word' id='word_1_39' title='bbox 655 1179 727 1219; x_wconf 94' lang='lat' dir='ltr'>ac</span> <span class='ocrx_word' id='word_1_40' title='bbox 758 1158 1165 1242; x_wconf 90' lang='lat' dir='ltr'>propositum</span> <span class='ocrx_word' id='word_1_41' title='bbox 1199 1157 1433 1220; x_wconf 87' lang='lat' dir='ltr'>divinae</span> <span class='ocrx_word' id='word_1_42' title='bbox 1465 1180 1538 1220; x_wconf 91' lang='lat' dir='ltr'>ac</span> <span class='ocrx_word' id='word_1_43' title='bbox 1582 1179 1853 1220; x_wconf 86' lang='lat' dir='ltr'>summae</span> <span class='ocrx_word' id='word_1_44' title='bbox 1887 1156 2220 1241; x_wconf 89' lang='lat' dir='ltr'>Majestati</span> <span class='ocrx_word' id='word_1_45' title='bbox 2249 1158 2319 1220; x_wconf 92' lang='lat' dir='ltr'>in</span> <span class='ocrx_word' id='word_1_46' title='bbox 2349 1159 2471 1221; x_wconf 93' lang='lat' dir='ltr'>hac</span> <span class='ocrx_word' id='word_1_47' title='bbox 2498 1157 2716 1221; x_wconf 90' lang='lat' dir='ltr'>Socie-</span> 
     </span>
     <span class='ocr_line' id='line_1_7' title="bbox 654 1268 1162 1331; baseline 0 -1"><span class='ocrx_word' id='word_1_48' title='bbox 654 1279 784 1331; x_wconf 87' lang='lat' dir='ltr'>tate</span> <span class='ocrx_word' id='word_1_49' title='bbox 820 1268 1162 1331; x_wconf 90' lang='lat' dir='ltr'>serviendi.</span> 
     </span>
    </p>

    <p class='ocr_par' dir='ltr' id='par_1_3' title="bbox 566 1380 2713 2560">
     <span class='ocr_line' id='line_1_8' title="bbox 566 1380 2711 1464; baseline 0 -23"><span class='ocrx_word' id='word_1_50' title='bbox 566 1388 601 1441; x_wconf 88' lang='lat'><em>5</em></span> <span class='ocrx_word' id='word_1_51' title='bbox 652 1380 912 1464; x_wconf 91' lang='lat' dir='ltr'>Elapsis</span> <span class='ocrx_word' id='word_1_52' title='bbox 966 1380 1221 1444; x_wconf 88' lang='lat' dir='ltr'>duobus</span> <span class='ocrx_word' id='word_1_53' title='bbox 1284 1392 1396 1443; x_wconf 88' lang='lat' dir='ltr'>aut</span> <span class='ocrx_word' id='word_1_54' title='bbox 1456 1380 1665 1444; x_wconf 92' lang='lat' dir='ltr'>tribus</span> <span class='ocrx_word' id='word_1_55' title='bbox 1728 1380 1956 1444; x_wconf 92' lang='lat' dir='ltr'>diebus</span> <span class='ocrx_word' id='word_1_56' title='bbox 2015 1391 2166 1464; x_wconf 93' lang='lat' dir='ltr'>post</span> <span class='ocrx_word' id='word_1_57' title='bbox 2225 1380 2589 1463; x_wconf 91' lang='lat' dir='ltr'>ingressum</span> <span class='ocrx_word' id='word_1_58' title='bbox 2643 1380 2711 1442; x_wconf 89' lang='lat' dir='ltr'>in</span> 
     </span>
     <span class='ocr_line' id='line_1_9' title="bbox 652 1491 2712 1574; baseline -0 -18"><span class='ocrx_word' id='word_1_59' title='bbox 652 1492 919 1556; x_wconf 91' lang='lat' dir='ltr'>domum</span> <span class='ocrx_word' id='word_1_60' title='bbox 955 1493 1385 1571; x_wconf 78' lang='lat' dir='ltr'>ProbationiS,</span> <span class='ocrx_word' id='word_1_61' title='bbox 1416 1493 1766 1555; x_wconf 87' lang='lat' dir='ltr'>examinari</span> <span class='ocrx_word' id='word_1_62' title='bbox 1799 1492 2160 1555; x_wconf 84' lang='lat' dir='ltr'>accuratius</span> <span class='ocrx_word' id='word_1_63' title='bbox 2196 1491 2485 1574; x_wconf 84' lang='lat' dir='ltr'><strong>incipiat,</strong></span> <span class='ocrx_word' id='word_1_64' title='bbox 2515 1504 2712 1574; x_wconf 90' lang='lat' dir='ltr'>prout</span> 
     </span>
     <span class='ocr_line' id='line_1_10' title="bbox 652 1602 2713 1686; baseline 0 -20"><span class='ocrx_word' id='word_1_65' title='bbox 652 1604 719 1666; x_wconf 92' lang='lat' dir='ltr'>in</span> <span class='ocrx_word' id='word_1_66' title='bbox 780 1605 989 1667; x_wconf 90' lang='lat' dir='ltr'>officio</span> <span class='ocrx_word' id='word_1_67' title='bbox 1052 1604 1529 1668; x_wconf 89' lang='lat' dir='ltr'>Examinatoris</span> <span class='ocrx_word' id='word_1_68' title='bbox 1592 1605 1951 1667; x_wconf 84' lang='lat' dir='ltr'>declaratur</span> <span class='ocrx_word' id='word_1_69' title='bbox 1984 1628 1998 1665; x_wconf 73' lang='grc' dir='ltr'><strong>ε</strong></span> <span class='ocrx_word' id='word_1_70' title='bbox 2068 1613 2133 1665; x_wconf 92' lang='lat' dir='ltr'>et</span> <span class='ocrx_word' id='word_1_71' title='bbox 2192 1602 2594 1686; x_wconf 90' lang='lat' dir='ltr'>relinquatur</span> <span class='ocrx_word' id='word_1_72' title='bbox 2653 1604 2713 1666; x_wconf 91' lang='lat' dir='ltr'>ei</span> 
     </span>
     <span class='ocr_line' id='line_1_11' title="bbox 651 1714 2710 1800; baseline -0 -22"><span class='ocrx_word' id='word_1_73' title='bbox 651 1716 967 1800; x_wconf 92' lang='lat' dir='ltr'>scriptum</span> <span class='ocrx_word' id='word_1_74' title='bbox 1029 1718 1346 1795; x_wconf 85' lang='lat' dir='ltr'>Examen,</span> <span class='ocrx_word' id='word_1_75' title='bbox 1407 1728 1481 1779; x_wconf 90' lang='lat' dir='ltr'>ut</span> <span class='ocrx_word' id='word_1_76' title='bbox 1544 1717 1720 1780; x_wconf 90' lang='lat' dir='ltr'>solus</span> <span class='ocrx_word' id='word_1_77' title='bbox 1790 1716 1858 1779; x_wconf 92' lang='lat' dir='ltr'>id</span> <span class='ocrx_word' id='word_1_78' title='bbox 1918 1714 2236 1778; x_wconf 91' lang='lat' dir='ltr'>maturius</span> <span class='ocrx_word' id='word_1_79' title='bbox 2297 1714 2660 1777; x_wconf 84' lang='lat' dir='ltr'>consideret</span> <span class='ocrx_word' id='word_1_80' title='bbox 2692 1741 2710 1793; x_wconf 88' lang='lat'><em>3</em></span> 
     </span>
     <span class='ocr_line' id='line_1_12' title="bbox 649 1827 2710 1912; baseline -0.001 -21"><span class='ocrx_word' id='word_1_81' title='bbox 649 1840 877 1911; x_wconf 89' lang='lat' dir='ltr'>postea</span> <span class='ocrx_word' id='word_1_82' title='bbox 938 1829 1146 1892; x_wconf 91' lang='lat' dir='ltr'>eidem</span> <span class='ocrx_word' id='word_1_83' title='bbox 1208 1830 1637 1893; x_wconf 85' lang='lat' dir='ltr'>ostendantur</span> <span class='ocrx_word' id='word_1_84' title='bbox 1697 1828 2077 1912; x_wconf 91' lang='lat' dir='ltr'>Diplomata</span> <span class='ocrx_word' id='word_1_85' title='bbox 2134 1827 2512 1911; x_wconf 91' lang='lat' dir='ltr'>Apostolica</span> <span class='ocrx_word' id='word_1_86' title='bbox 2543 1853 2562 1905; x_wconf 97' lang='lat'>3</span> <span class='ocrx_word' id='word_1_87' title='bbox 2637 1849 2710 1889; x_wconf 92' lang='lat' dir='ltr'>ac</span> 
     </span>
     <span class='ocr_line' id='line_1_13' title="bbox 653 1938 2709 2022; baseline -0.001 -19"><span class='ocrx_word' id='word_1_88' title='bbox 653 1940 1196 2018; x_wconf 88' lang='lat' dir='ltr'>Constitutiones,</span> <span class='ocrx_word' id='word_1_89' title='bbox 1243 1951 1307 2002; x_wconf 92' lang='lat' dir='ltr'>et</span> <span class='ocrx_word' id='word_1_90' title='bbox 1341 1941 1610 2022; x_wconf 87' lang='lat' dir='ltr'>Regulae</span> <span class='ocrx_word' id='word_1_91' title='bbox 1655 1939 1724 2000; x_wconf 91' lang='lat' dir='ltr'>in</span> <span class='ocrx_word' id='word_1_92' title='bbox 1768 1939 2087 2000; x_wconf 90' lang='lat' dir='ltr'>Societate</span> <span class='ocrx_word' id='word_1_93' title='bbox 2129 1960 2202 1999; x_wconf 89' lang='lat' dir='ltr'>ac</span> <span class='ocrx_word' id='word_1_94' title='bbox 2254 1938 2468 2016; x_wconf 93' lang='lat' dir='ltr'>domo,</span> <span class='ocrx_word' id='word_1_95' title='bbox 2514 1960 2709 2021; x_wconf 91' lang='lat' dir='ltr'>quam</span> 
     </span>
     <span class='ocr_line' id='line_1_14' title="bbox 642 2022 2712 2132; baseline 0 -21"><span class='ocrx_word' id='word_1_96' title='bbox 642 2022 1032 2132; x_wconf 76' lang='lat' dir='ltr'>ingreditur,</span> <span class='ocrx_word' id='word_1_97' title='bbox 1064 2049 1520 2127; x_wconf 86' lang='lat' dir='ltr'>observandae3</span> <span class='ocrx_word' id='word_1_98' title='bbox 1567 2060 1633 2110; x_wconf 91' lang='lat' dir='ltr'>et</span> <span class='ocrx_word' id='word_1_99' title='bbox 1664 2048 1776 2131; x_wconf 92' lang='lat' dir='ltr'>qui</span> <span class='ocrx_word' id='word_1_100' title='bbox 1806 2047 2037 2110; x_wconf 88' lang='lat' dir='ltr'>litteris</span> <span class='ocrx_word' id='word_1_101' title='bbox 2080 2069 2341 2131; x_wconf 90' lang='lat' dir='ltr'>operam</span> <span class='ocrx_word' id='word_1_102' title='bbox 2374 2046 2712 2127; x_wconf 89' lang='lat' dir='ltr'>dederunt,</span> 
     </span>
     <span class='ocr_line' id='line_1_15' title="bbox 652 2158 2710 2243; baseline 0 -22"><span class='ocrx_word' id='word_1_103' title='bbox 652 2160 730 2221; x_wconf 91' lang='lat' dir='ltr'>de</span> <span class='ocrx_word' id='word_1_104' title='bbox 764 2159 1036 2242; x_wconf 83' lang='lat' dir='ltr'>singulis</span> <span class='ocrx_word' id='word_1_105' title='bbox 1065 2159 1506 2238; x_wconf 76' lang='lat' dir='ltr'>facultatibuS,</span> <span class='ocrx_word' id='word_1_106' title='bbox 1538 2159 1607 2221; x_wconf 90' lang='lat' dir='ltr'>in</span> <span class='ocrx_word' id='word_1_107' title='bbox 1653 2158 1888 2241; x_wconf 92' lang='lat' dir='ltr'>quibus</span> <span class='ocrx_word' id='word_1_108' title='bbox 1933 2158 2170 2222; x_wconf 89' lang='lat' dir='ltr'>versati</span> <span class='ocrx_word' id='word_1_109' title='bbox 2216 2169 2391 2236; x_wconf 90' lang='lat' dir='ltr'>sunt,</span> <span class='ocrx_word' id='word_1_110' title='bbox 2423 2159 2710 2243; x_wconf 91' lang='lat' dir='ltr'>singulas</span> 
     </span>
     <span class='ocr_line' id='line_1_16' title="bbox 650 2271 2711 2356; baseline 0 -23"><span class='ocrx_word' id='word_1_111' title='bbox 650 2272 1006 2356; x_wconf 88' lang='lat' dir='ltr'>praelegant</span> <span class='ocrx_word' id='word_1_112' title='bbox 1049 2271 1379 2349; x_wconf 89' lang='lat' dir='ltr'>lectiones,</span> <span class='ocrx_word' id='word_1_113' title='bbox 1425 2283 1489 2334; x_wconf 89' lang='lat' dir='ltr'>et</span> <span class='ocrx_word' id='word_1_114' title='bbox 1534 2272 1603 2334; x_wconf 90' lang='lat' dir='ltr'>id</span> <span class='ocrx_word' id='word_1_115' title='bbox 1634 2292 1849 2333; x_wconf 91' lang='lat' dir='ltr'>coram</span> <span class='ocrx_word' id='word_1_116' title='bbox 1881 2271 1994 2349; x_wconf 88' lang='lat' dir='ltr'>eis,</span> <span class='ocrx_word' id='word_1_117' title='bbox 2026 2271 2139 2355; x_wconf 91' lang='lat' dir='ltr'>qui</span> <span class='ocrx_word' id='word_1_118' title='bbox 2185 2293 2223 2333; x_wconf 89' lang='lat' dir='ltr'>a</span> <span class='ocrx_word' id='word_1_119' title='bbox 2254 2272 2596 2356; x_wconf 89' lang='lat' dir='ltr'>Superiore</span> <span class='ocrx_word' id='word_1_120' title='bbox 2628 2272 2711 2334; x_wconf 98' lang='lat' dir='ltr'>ad</span> 
     </span>
     <span class='ocr_line' id='line_1_17' title="bbox 653 2381 2710 2467; baseline 0 -22"><span class='ocrx_word' id='word_1_121' title='bbox 653 2381 792 2466; x_wconf 88' lang='lat' dir='ltr'>ejus</span> <span class='ocrx_word' id='word_1_122' title='bbox 824 2383 1142 2445; x_wconf 87' lang='lat' dir='ltr'>talentum</span> <span class='ocrx_word' id='word_1_123' title='bbox 1174 2383 1243 2445; x_wconf 90' lang='lat' dir='ltr'>in</span> <span class='ocrx_word' id='word_1_124' title='bbox 1290 2382 1605 2460; x_wconf 89' lang='lat' dir='ltr'>doctrina,</span> <span class='ocrx_word' id='word_1_125' title='bbox 1637 2394 1702 2445; x_wconf 92' lang='lat' dir='ltr'>et</span> <span class='ocrx_word' id='word_1_126' title='bbox 1744 2382 2153 2467; x_wconf 88' lang='lat' dir='ltr'>proponendi</span> <span class='ocrx_word' id='word_1_127' title='bbox 2196 2384 2390 2446; x_wconf 88' lang='lat' dir='ltr'>modo</span> <span class='ocrx_word' id='word_1_128' title='bbox 2436 2404 2710 2465; x_wconf 92' lang='lat' dir='ltr'>cognos-</span> 
     </span>
     <span class='ocr_line' id='line_1_18' title="bbox 653 2494 1508 2560; baseline -0.001 -1"><span class='ocrx_word' id='word_1_129' title='bbox 653 2496 931 2559; x_wconf 90' lang='lat' dir='ltr'>cendum</span> <span class='ocrx_word' id='word_1_130' title='bbox 964 2506 1118 2560; x_wconf 88' lang='lat' dir='ltr'>sunt</span> <span class='ocrx_word' id='word_1_131' title='bbox 1149 2494 1508 2559; x_wconf 91' lang='lat' dir='ltr'>constituti.</span> 
     </span>
    </p>

    <p class='ocr_par' dir='ltr' id='par_1_4' title="bbox 566 2605 2744 3898">
     <span class='ocr_line' id='line_1_19' title="bbox 566 2605 2744 2692; baseline -0.001 -20"><span class='ocrx_word' id='word_1_132' title='bbox 566 2615 605 2671; x_wconf 90' lang='lat'>6</span> <span class='ocrx_word' id='word_1_133' title='bbox 652 2608 905 2672; x_wconf 88' lang='lat' dir='ltr'>Eodem</span> <span class='ocrx_word' id='word_1_134' title='bbox 953 2610 1077 2671; x_wconf 93' lang='lat' dir='ltr'>hoc</span> <span class='ocrx_word' id='word_1_135' title='bbox 1138 2620 1426 2692; x_wconf 88' lang='lat' dir='ltr'>tempore</span> <span class='ocrx_word' id='word_1_136' title='bbox 1486 2608 1716 2692; x_wconf 84' lang='lat' dir='ltr'>primae</span> <span class='ocrx_word' id='word_1_137' title='bbox 1779 2607 2186 2671; x_wconf 92' lang='lat' dir='ltr'>Probationis</span> <span class='ocrx_word' id='word_1_138' title='bbox 2247 2605 2706 2671; x_wconf 85' lang='lat' dir='ltr'>conscientiam</span> <span class='ocrx_word' id='word_1_139' title='bbox 2737 2629 2744 2636; x_wconf 76' lang='grc'><em>’</em></span> 
     </span>
     <span class='ocr_line' id='line_1_20' title="bbox 652 2718 2709 2804; baseline -0.001 -21"><span class='ocrx_word' id='word_1_140' title='bbox 652 2743 836 2783; x_wconf 89' lang='lat' dir='ltr'>suam</span> <span class='ocrx_word' id='word_1_141' title='bbox 879 2719 1228 2804; x_wconf 82' lang='lat' dir='ltr'>Superiori,</span> <span class='ocrx_word' id='word_1_142' title='bbox 1276 2719 1378 2782; x_wconf 91' lang='lat' dir='ltr'>vel</span> <span class='ocrx_word' id='word_1_143' title='bbox 1430 2719 1510 2798; x_wconf 92' lang='lat' dir='ltr'>ei,</span> <span class='ocrx_word' id='word_1_144' title='bbox 1562 2742 1757 2803; x_wconf 91' lang='lat' dir='ltr'>quem</span> <span class='ocrx_word' id='word_1_145' title='bbox 1809 2719 1947 2804; x_wconf 93' lang='lat' dir='ltr'>ipse</span> <span class='ocrx_word' id='word_1_146' title='bbox 2010 2718 2416 2803; x_wconf 85' lang='lat' dir='ltr'>delegaverit,</span> <span class='ocrx_word' id='word_1_147' title='bbox 2469 2718 2709 2801; x_wconf 89' lang='lat' dir='ltr'>aperiet</span> 
     </span>
     <span class='ocr_line' id='line_1_21' title="bbox 659 2831 2707 2915; baseline -0 -21"><span class='ocrx_word' id='word_1_148' title='bbox 659 2834 804 2913; x_wconf 72' lang='lat' dir='ltr'>(nisi</span> <span class='ocrx_word' id='word_1_149' title='bbox 833 2831 902 2893; x_wconf 97' lang='lat' dir='ltr'>id</span> <span class='ocrx_word' id='word_1_150' title='bbox 933 2832 1176 2915; x_wconf 88' lang='lat' dir='ltr'>negotii</span> <span class='ocrx_word' id='word_1_151' title='bbox 1208 2853 1357 2893; x_wconf 90' lang='lat' dir='ltr'>cum</span> <span class='ocrx_word' id='word_1_152' title='bbox 1392 2831 1756 2915; x_wconf 86' lang='lat' dir='ltr'>Superioris</span> <span class='ocrx_word' id='word_1_153' title='bbox 1788 2854 2111 2895; x_wconf 90' lang='lat' dir='ltr'>consensu</span> <span class='ocrx_word' id='word_1_154' title='bbox 2140 2831 2210 2893; x_wconf 94' lang='lat' dir='ltr'>in</span> <span class='ocrx_word' id='word_1_155' title='bbox 2242 2831 2418 2893; x_wconf 92' lang='lat' dir='ltr'>aliud</span> <span class='ocrx_word' id='word_1_156' title='bbox 2447 2841 2707 2913; x_wconf 89' lang='lat' dir='ltr'>tempus</span> 
     </span>
     <span class='ocr_line' id='line_1_22' title="bbox 653 2939 2708 3025; baseline -0.001 -21"><span class='ocrx_word' id='word_1_157' title='bbox 653 2942 1034 3023; x_wconf 87' lang='lat' dir='ltr'>differretur)</span> <span class='ocrx_word' id='word_1_158' title='bbox 1101 2954 1165 3004; x_wconf 89' lang='lat' dir='ltr'>et</span> <span class='ocrx_word' id='word_1_159' title='bbox 1225 2940 1608 3025; x_wconf 83' lang='lat' dir='ltr'>generaliter</span> <span class='ocrx_word' id='word_1_160' title='bbox 1668 2943 2083 3006; x_wconf 89' lang='lat' dir='ltr'>confitebitur</span> <span class='ocrx_word' id='word_1_161' title='bbox 2148 2939 2227 3023; x_wconf 91' lang='lat' dir='ltr'>(si</span> <span class='ocrx_word' id='word_1_162' title='bbox 2295 2940 2586 3002; x_wconf 91' lang='lat' dir='ltr'>nondum</span> <span class='ocrx_word' id='word_1_163' title='bbox 2639 2941 2708 3002; x_wconf 93' lang='lat' dir='ltr'>id</span> 
     </span>
     <span class='ocr_line' id='line_1_23' title="bbox 652 3051 2707 3136; baseline 0 -21"><span class='ocrx_word' id='word_1_164' title='bbox 652 3053 931 3134; x_wconf 88' lang='lat' dir='ltr'>fecisset)</span> <span class='ocrx_word' id='word_1_165' title='bbox 997 3064 1061 3115; x_wconf 90' lang='lat' dir='ltr'>et</span> <span class='ocrx_word' id='word_1_166' title='bbox 1120 3052 1212 3115; x_wconf 92' lang='lat' dir='ltr'>illi</span> <span class='ocrx_word' id='word_1_167' title='bbox 1287 3053 1549 3136; x_wconf 88' lang='lat' dir='ltr'>quidem</span> <span class='ocrx_word' id='word_1_168' title='bbox 1615 3052 2043 3130; x_wconf 81' lang='lat' dir='ltr'>ConfessariO,</span> <span class='ocrx_word' id='word_1_169' title='bbox 2104 3054 2210 3132; x_wconf 80' lang='lat' dir='ltr'>qui</span> <span class='ocrx_word' id='word_1_170' title='bbox 2271 3073 2310 3113; x_wconf 87' lang='lat' dir='ltr'>a</span> <span class='ocrx_word' id='word_1_171' title='bbox 2372 3051 2707 3132; x_wconf 81' lang='lat' dir='ltr'>Superiore</span> 
     </span>
     <span class='ocr_line' id='line_1_24' title="bbox 632 3164 2705 3249; baseline 0.001 -21"><span class='ocrx_word' id='word_1_172' title='bbox 632 3166 851 3246; x_wconf 64' lang='lat' dir='ltr'>sumt</span> <span class='ocrx_word' id='word_1_173' title='bbox 882 3167 970 3228; x_wconf 84' lang='lat' dir='ltr'>ad</span> <span class='ocrx_word' id='word_1_174' title='bbox 999 3167 1072 3228; x_wconf 77' lang='lat' dir='ltr'>id</span> <span class='ocrx_word' id='word_1_175' title='bbox 1104 3168 1470 3230; x_wconf 64' lang='lat' dir='ltr'>destinatae.</span> <span class='ocrx_word' id='word_1_176' title='bbox 1560 3167 1651 3229; x_wconf 88' lang='lat' dir='ltr'>Et</span> <span class='ocrx_word' id='word_1_177' title='bbox 1683 3168 1831 3229; x_wconf 79' lang='lat' dir='ltr'>cum</span> <span class='ocrx_word' id='word_1_178' title='bbox 1863 3166 1931 3228; x_wconf 93' lang='lat' dir='ltr'>in</span> <span class='ocrx_word' id='word_1_179' title='bbox 1959 3165 2124 3228; x_wconf 91' lang='lat' dir='ltr'>libro</span> <span class='ocrx_word' id='word_1_180' title='bbox 2157 3165 2240 3227; x_wconf 97' lang='lat' dir='ltr'>ad</span> <span class='ocrx_word' id='word_1_181' title='bbox 2269 3165 2338 3227; x_wconf 93' lang='lat' dir='ltr'>id</span> <span class='ocrx_word' id='word_1_182' title='bbox 2368 3164 2705 3249; x_wconf 88' lang='lat' dir='ltr'>designato</span> 
     </span>
     <span class='ocr_line' id='line_1_25' title="bbox 653 3275 2708 3360; baseline 0 -21"><span class='ocrx_word' id='word_1_183' title='bbox 653 3276 967 3359; x_wconf 89' lang='lat' dir='ltr'>scriptum</span> <span class='ocrx_word' id='word_1_184' title='bbox 1026 3276 1241 3354; x_wconf 88' lang='lat' dir='ltr'>fuerit,</span> <span class='ocrx_word' id='word_1_185' title='bbox 1301 3289 1365 3340; x_wconf 90' lang='lat' dir='ltr'>et</span> <span class='ocrx_word' id='word_1_186' title='bbox 1425 3298 1625 3339; x_wconf 90' lang='lat' dir='ltr'>manu</span> <span class='ocrx_word' id='word_1_187' title='bbox 1684 3276 1822 3359; x_wconf 86' lang='lat' dir='ltr'>ejus</span> <span class='ocrx_word' id='word_1_188' title='bbox 1884 3275 2345 3358; x_wconf 91' lang='lat' dir='ltr'>subscriptum,</span> <span class='ocrx_word' id='word_1_189' title='bbox 2397 3276 2708 3360; x_wconf 92' lang='lat' dir='ltr'>quicquid</span> 
     </span>
     <span class='ocr_line' id='line_1_26' title="bbox 652 3386 2705 3472; baseline 0.001 -23"><span class='ocrx_word' id='word_1_190' title='bbox 652 3388 919 3451; x_wconf 93' lang='lat' dir='ltr'>domum</span> <span class='ocrx_word' id='word_1_191' title='bbox 951 3387 1123 3465; x_wconf 93' lang='lat' dir='ltr'>tulit,</span> <span class='ocrx_word' id='word_1_192' title='bbox 1156 3400 1219 3450; x_wconf 92' lang='lat' dir='ltr'>et</span> <span class='ocrx_word' id='word_1_193' title='bbox 1251 3387 1389 3472; x_wconf 85' lang='lat' dir='ltr'>ejus</span> <span class='ocrx_word' id='word_1_194' title='bbox 1436 3409 1791 3450; x_wconf 91' lang='lat' dir='ltr'>consensus</span> <span class='ocrx_word' id='word_1_195' title='bbox 1838 3387 1921 3449; x_wconf 88' lang='lat' dir='ltr'>ad</span> <span class='ocrx_word' id='word_1_196' title='bbox 1966 3386 2366 3451; x_wconf 88' lang='lat' dir='ltr'>observanda</span> <span class='ocrx_word' id='word_1_197' title='bbox 2400 3388 2618 3451; x_wconf 90' lang='lat' dir='ltr'>omnia</span> <span class='ocrx_word' id='word_1_198' title='bbox 2648 3389 2705 3451; x_wconf 92' lang='lat' dir='ltr'>ei</span> 
     </span>
     <span class='ocr_line' id='line_1_27' title="bbox 650 3476 2705 3584; baseline 0.001 -24"><span class='ocrx_word' id='word_1_199' title='bbox 650 3497 984 3582; x_wconf 88' lang='lat' dir='ltr'>proposita</span> <span class='ocrx_word' id='word_1_200' title='bbox 1002 3523 1019 3576; x_wconf 88' lang='lat'>3</span> <span class='ocrx_word' id='word_1_201' title='bbox 1065 3500 1393 3583; x_wconf 75' lang='lat' dir='ltr'>postremo</span> <span class='ocrx_word' id='word_1_202' title='bbox 1424 3510 1577 3583; x_wconf 94' lang='lat' dir='ltr'>post</span> <span class='ocrx_word' id='word_1_203' title='bbox 1606 3476 2192 3561; x_wconf 89' lang='lat' dir='ltr'>reconciliationem</span> <span class='ocrx_word' id='word_1_204' title='bbox 2225 3510 2489 3584; x_wconf 92' lang='lat' dir='ltr'>accepto</span> <span class='ocrx_word' id='word_1_205' title='bbox 2521 3521 2705 3563; x_wconf 90' lang='lat' dir='ltr'>sanc-</span> 
     </span>
     <span class='ocr_line' id='line_1_28' title="bbox 650 3609 2702 3695; baseline 0.003 -25"><span class='ocrx_word' id='word_1_206' title='bbox 650 3609 901 3671; x_wconf 91' lang='lat' dir='ltr'>tissimo</span> <span class='ocrx_word' id='word_1_207' title='bbox 934 3610 1363 3673; x_wconf 86' lang='lat' dir='ltr'>Eucharistiae</span> <span class='ocrx_word' id='word_1_208' title='bbox 1397 3609 1838 3690; x_wconf 87' lang='lat' dir='ltr'>Sacramento,</span> <span class='ocrx_word' id='word_1_209' title='bbox 1882 3611 2281 3695; x_wconf 88' lang='lat' dir='ltr'>ingredietur</span> <span class='ocrx_word' id='word_1_210' title='bbox 2322 3612 2391 3674; x_wconf 92' lang='lat' dir='ltr'>in</span> <span class='ocrx_word' id='word_1_211' title='bbox 2437 3613 2702 3676; x_wconf 91' lang='lat' dir='ltr'>domum</span> 
     </span>
     <span class='ocr_line' id='line_1_29' title="bbox 652 3719 2703 3802; baseline 0.001 -19"><span class='ocrx_word' id='word_1_212' title='bbox 652 3721 1015 3783; x_wconf 89' lang='lat' dir='ltr'>communis</span> <span class='ocrx_word' id='word_1_213' title='bbox 1076 3719 1492 3784; x_wconf 87' lang='lat' dir='ltr'>habitationis</span> <span class='ocrx_word' id='word_1_214' title='bbox 1525 3747 1543 3799; x_wconf 97' lang='lat'>3</span> <span class='ocrx_word' id='word_1_215' title='bbox 1619 3722 1732 3783; x_wconf 95' lang='lat' dir='ltr'>ubi</span> <span class='ocrx_word' id='word_1_216' title='bbox 1793 3744 1941 3784; x_wconf 93' lang='lat' dir='ltr'>cum</span> <span class='ocrx_word' id='word_1_217' title='bbox 2004 3722 2141 3784; x_wconf 87' lang='lat' dir='ltr'>aliis</span> <span class='ocrx_word' id='word_1_218' title='bbox 2200 3724 2459 3802; x_wconf 86' lang='lat' dir='ltr'>versari,</span> <span class='ocrx_word' id='word_1_219' title='bbox 2520 3735 2585 3788; x_wconf 90' lang='lat' dir='ltr'>et</span> <span class='ocrx_word' id='word_1_220' title='bbox 2635 3724 2703 3786; x_wconf 90' lang='lat' dir='ltr'>in</span> 
     </span>
     <span class='ocr_line' id='line_1_30' title="bbox 651 3831 2458 3898; baseline 0.001 -3"><span class='ocrx_word' id='word_1_221' title='bbox 651 3832 936 3895; x_wconf 90' lang='lat' dir='ltr'>secunda</span> <span class='ocrx_word' id='word_1_222' title='bbox 968 3832 1354 3896; x_wconf 90' lang='lat' dir='ltr'>Probatione</span> <span class='ocrx_word' id='word_1_223' title='bbox 1387 3831 1632 3895; x_wconf 87' lang='lat' dir='ltr'>diutius</span> <span class='ocrx_word' id='word_1_224' title='bbox 1664 3834 1941 3896; x_wconf 85' lang='lat' dir='ltr'>exerceri</span> <span class='ocrx_word' id='word_1_225' title='bbox 1973 3833 2182 3896; x_wconf 89' lang='lat' dir='ltr'>solent</span> <span class='ocrx_word' id='word_1_226' title='bbox 2213 3833 2458 3898; x_wconf 85' lang='lat' dir='ltr'>novitii.</span> 
     </span>
    </p>

    <p class='ocr_par' dir='ltr' id='par_1_5' title="bbox 566 3943 2706 4362">
     <span class='ocr_line' id='line_1_31' title="bbox 566 3943 2704 4029; baseline 0 -21"><span class='ocrx_word' id='word_1_227' title='bbox 566 3946 602 4019; x_wconf 89' lang='grc'><strong><em>7</em></strong></span> <span class='ocrx_word' id='word_1_228' title='bbox 653 3944 850 4009; x_wconf 73' lang='lat' dir='ltr'>Quod</span> <span class='ocrx_word' id='word_1_229' title='bbox 881 3943 1128 4007; x_wconf 86' lang='lat' dir='ltr'>dictum</span> <span class='ocrx_word' id='word_1_230' title='bbox 1160 3954 1258 4006; x_wconf 89' lang='lat' dir='ltr'>est</span> <span class='ocrx_word' id='word_1_231' title='bbox 1290 3944 1368 4007; x_wconf 92' lang='lat' dir='ltr'>de</span> <span class='ocrx_word' id='word_1_232' title='bbox 1400 3944 1500 4023; x_wconf 92' lang='lat' dir='ltr'>iis,</span> <span class='ocrx_word' id='word_1_233' title='bbox 1531 3945 1646 4029; x_wconf 91' lang='lat' dir='ltr'>qui</span> <span class='ocrx_word' id='word_1_234' title='bbox 1686 3954 1844 4008; x_wconf 91' lang='lat' dir='ltr'>tunc</span> <span class='ocrx_word' id='word_1_235' title='bbox 1889 3945 2171 4029; x_wconf 72' lang='lat' dir='ltr'>primum</span> <span class='ocrx_word' id='word_1_236' title='bbox 2203 3945 2285 4008; x_wconf 92' lang='lat' dir='ltr'>ad</span> <span class='ocrx_word' id='word_1_237' title='bbox 2318 3946 2704 4009; x_wconf 88' lang='lat' dir='ltr'>Societatem</span> 
     </span>
     <span class='ocr_line' id='line_1_32' title="bbox 650 4054 2706 4140; baseline 0.001 -23"><span class='ocrx_word' id='word_1_238' title='bbox 650 4055 1106 4133; x_wconf 88' lang='lat' dir='ltr'>admittuntur,</span> <span class='ocrx_word' id='word_1_239' title='bbox 1135 4054 1308 4118; x_wconf 92' lang='lat' dir='ltr'>bona</span> <span class='ocrx_word' id='word_1_240' title='bbox 1344 4077 1422 4118; x_wconf 86' lang='lat' dir='ltr'>ex</span> <span class='ocrx_word' id='word_1_241' title='bbox 1452 4068 1633 4140; x_wconf 91' lang='lat' dir='ltr'>parte</span> <span class='ocrx_word' id='word_1_242' title='bbox 1666 4080 1816 4120; x_wconf 90' lang='lat' dir='ltr'>cum</span> <span class='ocrx_word' id='word_1_243' title='bbox 1860 4056 1985 4119; x_wconf 91' lang='lat' dir='ltr'>illis</span> <span class='ocrx_word' id='word_1_244' title='bbox 2030 4056 2495 4136; x_wconf 91' lang='lat' dir='ltr'>observabitur,</span> <span class='ocrx_word' id='word_1_245' title='bbox 2527 4057 2639 4140; x_wconf 94' lang='lat' dir='ltr'>qui</span> <span class='ocrx_word' id='word_1_246' title='bbox 2670 4058 2706 4120; x_wconf 71' lang='grc' dir='ltr'>ὃ,</span> 
     </span>
     <span class='ocr_line' id='line_1_33' title="bbox 650 4146 2705 4251; baseline 0.001 -23"><span class='ocrx_word' id='word_1_247' title='bbox 650 4165 903 4246; x_wconf 84' lang='lat' dir='ltr'>studiis,</span> <span class='ocrx_word' id='word_1_248' title='bbox 937 4179 1048 4229; x_wconf 91' lang='lat' dir='ltr'>aut</span> <span class='ocrx_word' id='word_1_249' title='bbox 1081 4166 1218 4231; x_wconf 85' lang='lat' dir='ltr'>aliis</span> <span class='ocrx_word' id='word_1_250' title='bbox 1250 4146 1407 4230; x_wconf 88' lang='lat' dir='ltr'>locis</span> <span class='ocrx_word' id='word_1_251' title='bbox 1442 4167 1804 4245; x_wconf 77' lang='lat' dir='ltr'>SocietatiS,</span> <span class='ocrx_word' id='word_1_252' title='bbox 1838 4167 1950 4229; x_wconf 92' lang='lat' dir='ltr'>ubi</span> <span class='ocrx_word' id='word_1_253' title='bbox 1981 4166 2323 4251; x_wconf 90' lang='lat' dir='ltr'>diligenter</span> <span class='ocrx_word' id='word_1_254' title='bbox 2358 4168 2705 4231; x_wconf 83' lang='lat' dir='ltr'>examinati</span> 
     </span>
     <span class='ocr_line' id='line_1_34' title="bbox 649 4278 2704 4362; baseline 0 -22"><span class='ocrx_word' id='word_1_255' title='bbox 649 4301 780 4341; x_wconf 92' lang='lat' dir='ltr'>non</span> <span class='ocrx_word' id='word_1_256' title='bbox 821 4278 1083 4356; x_wconf 89' lang='lat' dir='ltr'>fuerint,</span> <span class='ocrx_word' id='word_1_257' title='bbox 1123 4279 1432 4358; x_wconf 89' lang='lat' dir='ltr'>veniunt3</span> <span class='ocrx_word' id='word_1_258' title='bbox 1500 4280 1613 4362; x_wconf 92' lang='lat' dir='ltr'>qui</span> <span class='ocrx_word' id='word_1_259' title='bbox 1659 4280 1921 4362; x_wconf 92' lang='lat' dir='ltr'>quidem</span> <span class='ocrx_word' id='word_1_260' title='bbox 1969 4302 2123 4357; x_wconf 91' lang='lat' dir='ltr'>non,</span> <span class='ocrx_word' id='word_1_261' title='bbox 2165 4291 2237 4342; x_wconf 93' lang='lat' dir='ltr'>ut</span> <span class='ocrx_word' id='word_1_262' title='bbox 2272 4280 2570 4357; x_wconf 88' lang='lat' dir='ltr'>Professi,</span> <span class='ocrx_word' id='word_1_263' title='bbox 2602 4279 2704 4343; x_wconf 91' lang='lat' dir='ltr'>vel</span> 
     </span>
    </p>
   </div>
  </div>
 </body>
</html>
