3146 5014
500 499 578 572 72
1245 515 1897 561 CONSTITUTIONUM

621 685 832 764 priam
859 685 1241 744 voluntatem
1270 704 1346 745 ac
1372 684 1688 764 judicium
1719 685 2032 745 diversum
2077 680 2408 757 sectand0,
2440 679 2675 743 divinae

624 792 943 856 voluntati
972 792 1413 876 respondebit.

541 913 578 969 2
627 904 954 968 Omnibus
984 903 1210 967 itidem
1240 904 1519 967 maxime
1565 903 2092 967 commendatum
2138 902 2246 980 sit,
2274 913 2350 964 ut
2394 901 2674 965 multum

624 1015 996 1079 reverentiae
1055 1016 1143 1097 (et
1189 1015 1517 1099 praecipue
1563 1015 1632 1077 in
1683 1015 1971 1078 interiori
2017 1013 2301 1096 homine)
2368 1012 2502 1076 suis
2551 1013 2675 1077 Su-

621 1125 981 1210 perioribus
1026 1125 1394 1203 exhibeant,
1437 1125 1739 1189 JESUM
1791 1126 2110 1188 Christum
2152 1127 2219 1187 in
2263 1124 2491 1187 eisdem
2521 1146 2675 1186 con-

626 1237 930 1315 siderent,
961 1257 1035 1298 ac
1065 1246 1498 1315 revereantur,
1545 1236 1807 1298 eosdem
1852 1257 1932 1298 ex
1976 1235 2191 1297 animo
2236 1245 2313 1297 ut
2356 1241 2573 1318 patres
2603 1234 2671 1296 in

624 1346 850 1410 eodem
904 1346 1198 1430 diligant,
1244 1368 1318 1408 ac
1361 1345 1453 1408 sic
1496 1346 1566 1408 in
1613 1345 1845 1430 spiritu
1890 1344 2221 1408 charitatis
2256 1344 2325 1406 in
2371 1342 2673 1408 omnibus

622 1458 1020 1542 procedant3
1066 1469 1139 1520 ut
1169 1456 1335 1519 nihil
1364 1479 1443 1519 ex
1482 1456 1765 1520 externis
1807 1456 1911 1520 vel
1953 1455 2226 1519 internis
2270 1477 2380 1519 eos
2425 1455 2673 1532 celent3

624 1569 782 1653 quin
814 1569 1056 1653 potius,
1087 1575 1164 1630 ut
1192 1567 1412 1631 omnia
1438 1589 1706 1653 prorsus
1736 1567 2125 1652 intelligant,
2157 1568 2286 1650 quo
2330 1565 2561 1629 melius
2605 1566 2675 1628 in

619 1680 723 1744 via
754 1680 979 1743 salutis
1010 1692 1074 1743 et
1104 1679 1516 1764 perfectionis
1549 1700 1616 1742 se
1648 1678 1951 1763 dirigant,
1982 1691 2204 1763 optare
2237 1677 2495 1742 debent.
2584 1678 2674 1740 Et

618 1804 697 1853 ea
756 1791 834 1854 de
895 1812 1089 1853 causa
1148 1812 1372 1854 omnes
1431 1797 1567 1852 tam
1620 1789 1921 1869 Professi,
1981 1790 2175 1873 quam
2234 1788 2493 1852 formati
2546 1787 2673 1851 Co-

620 1903 947 1998 adjutores
988 1903 1186 1966 semel
1235 1902 1506 1986 singulis
1559 1903 1747 1965 annis
1806 1903 1894 1986 (et
1931 1902 2191 1986 saepius,
2245 1901 2300 1965 si
2346 1900 2674 1986 Superiori

618 2014 831 2078 visum
878 2014 1094 2094 fuerit)
1153 2014 1236 2076 ad
1296 2035 1444 2076 suas
1506 2013 1933 2077 conscientias
1980 2013 2049 2076 in
2102 2013 2524 2091 confessione,
2571 2013 2675 2075 vel

622 2126 891 2203 secreto,
921 2126 1023 2188 vel
1053 2125 1175 2188 alia
1217 2124 1465 2188 ratione
1510 2124 1719 2188 eidem
1765 2125 2141 2209 aperiendas
2185 2136 2450 2210 propter
2492 2146 2672 2208 mag-

620 2258 773 2298 nam
805 2236 944 2320 ejus
973 2235 1065 2298 rei
1095 2236 1443 2299 utilitatem
1468 2236 1566 2317 (ut
1594 2235 1665 2298 in
1688 2235 2006 2298 Examine
2039 2236 2288 2299 dictum
2319 2236 2439 2318 est)
2467 2234 2673 2319 parati

619 2368 760 2409 esse
811 2345 1162 2426 debebunt,
1213 2360 1355 2410 tum
1400 2347 1596 2410 etiam
1645 2348 1728 2411 ad
1779 2347 2250 2411 confessionem
2286 2347 2671 2430 generalem,

621 2480 768 2542 quae
799 2457 880 2521 ab
910 2457 1142 2522 ultima
1170 2457 1452 2543 generali
1481 2458 1844 2537 inchoetur,
1875 2457 1955 2537 ei,
1987 2479 2182 2542 quem
2215 2457 2521 2542 Superior
2550 2456 2672 2520 sibi

622 2568 1051 2649 substituerit,
1081 2569 1462 2633 faciendam.

516 2691 571 2747 *3
621 2684 871 2748 Omnes
925 2684 1007 2747 ad
1060 2683 1472 2766 Superiorem
1525 2705 1717 2746 suum
1776 2705 1901 2761 reS,
1955 2705 2100 2767 quae
2153 2683 2247 2747 eis
2296 2681 2671 2767 expetendae

618 2795 1035 2873 occurrerint,
1070 2794 1314 2857 deferre
1363 2794 1643 2857 debent:
1706 2817 1827 2857 nec
1870 2795 2160 2878 privatus
2210 2794 2533 2878 quispiam
2577 2792 2673 2854 di-

620 2905 815 2984 recte,
844 2905 947 2972 vel
976 2904 1287 2968 indirecte
1319 2905 1455 2968 sine
1487 2905 1627 2989 ejus
1657 2906 1999 2990 permissu,
2029 2916 2096 2968 et
2125 2904 2611 2989 approbatione,
2636 2924 2674 2965 a

620 3016 892 3084 Summo
926 3014 1262 3094 Pontifice,
1293 3037 1413 3078 nec
1459 3016 1539 3079 ab
1587 3016 1710 3079 alio
1755 3027 1935 3079 extra
1966 3014 2354 3079 Societatem
2398 3013 2672 3097 gratiam

620 3128 821 3190 ullam
860 3127 931 3189 in
980 3149 1172 3190 suum
1224 3128 1573 3212 privatum,
1621 3128 1724 3193 vel
1771 3128 2034 3191 alterius
2081 3148 2275 3191 usum
2319 3136 2523 3211 petat,
2560 3137 2673 3190 aut

620 3238 969 3323 petendam
1001 3245 1221 3302 curet:
1269 3238 1519 3323 sibique
1563 3239 1972 3324 persuadeat,
2015 3238 2070 3302 si
2113 3260 2230 3323 per
2261 3237 2672 3321 Superiorem

626 3372 841 3429 suum,
881 3350 983 3414 vel
1028 3372 1178 3413 cum
1214 3350 1354 3434 ejus
1399 3372 1744 3429 consensu,
1780 3351 1958 3433 quod
1993 3357 2197 3435 optat,
2238 3371 2371 3412 non
2413 3347 2673 3412 obtinu-

623 3461 765 3539 erit,
795 3483 877 3523 ne
908 3461 975 3523 id
1008 3462 1271 3545 quidem
1302 3461 1384 3524 ad
1415 3461 1709 3525 divinum
1742 3460 2075 3526 servitium
2120 3459 2242 3523 sibi
2288 3458 2628 3523 convenire
2654 3484 2671 3536 3

624 3584 710 3652 et,
742 3573 797 3636 si
828 3574 1149 3651 convenit,
1181 3596 1331 3637 cum
1379 3574 1743 3657 Superioris
1790 3596 2135 3653 consensu,
2165 3580 2243 3636 ut
2286 3572 2399 3657 qui
2436 3574 2673 3635 Christi

623 3685 879 3746 Domini
922 3686 1124 3747 nostri
1178 3685 1376 3747 locum
1428 3706 1581 3768 erga
1631 3685 1849 3768 ipsum
1906 3697 2104 3764 tenet,
2140 3684 2209 3747 id
2252 3705 2319 3747 se
2366 3704 2673 3746 consecu-

626 3806 868 3859 turum.
