3146 5014
509 485 591 541 64

1262 495 1913 539 CONSTI'PU'PIONUM

556 650 587 755 b*
638 663 942 742 habebit3
990 674 1065 726 ut
1104 663 1310 748 magis
1355 674 1736 748 perspectus
1774 664 1858 727 sit
1903 663 2075 741 ante,
2107 662 2301 747 quam
2333 685 2475 728 eam
2507 666 2693 730 emit-

639 786 755 839 tat.
844 775 936 838 Et
978 774 1309 860 prorogari
1345 775 1470 837 hoc
1523 785 1783 859 tempus
1828 775 2068 859 poterit
2118 775 2216 858 (ut
2258 776 2329 838 in
2374 776 2692 840 Examine

639 888 888 951 dictum
918 887 1039 969 est)
1075 887 1225 950 cum
1260 885 1570 965 SocietaS,
1600 886 1704 949 vel
1734 886 1847 970 qui
1888 886 1968 950 ab
2000 908 2076 951 ea
2103 887 2273 950 hanc
2303 887 2371 952 in
2405 890 2691 953 Domino

638 1020 859 1063 curam
889 997 1107 1078 habet,
1135 996 1392 1083 plenius
1425 996 1549 1061 sibi
1581 997 1876 1061 satisfieri
1907 997 2317 1063 desideraret.

622 1280 627 1283 Δ
694 1288 981 1340 QUALES
1018 1291 1186 1334 ESSE
1222 1291 1593 1349 DEBEANT,
1627 1291 1755 1338 QUI
1792 1291 2261 1334 ADMITTENDI
2299 1293 2504 1337 SUNT.

1430 1392 1626 1457 CAP.
1675 1393 1767 1456 II.

640 1517 809 1581 CUM
842 1517 1021 1581 nullo
1052 1539 1132 1580 ex
1161 1517 1263 1579 his
1294 1516 1504 1580 modis
1535 1515 1791 1579 admitti
1822 1515 2074 1595 debeat,
2105 1516 2229 1579 nisi
2259 1516 2372 1600 qui
2415 1517 2686 1583 idoneus

638 1628 705 1691 in
759 1628 1045 1692 Domino
1104 1628 1299 1691 fuerit
1370 1627 1825 1706 existimatus3
1903 1627 2008 1689 Illi
2083 1628 2165 1690 ad
2222 1629 2685 1712 professionem

636 1738 852 1803 idonei
880 1737 1316 1817 habebuntur,
1340 1760 1618 1822 quorum
1647 1737 1781 1802 vita
1809 1737 2132 1801 diuturnis
2163 1760 2237 1801 ac
2268 1738 2685 1824 diligentibus

634 1848 1127 1936 probationibus
1176 1870 1214 1913 a
1263 1849 1621 1934 Praeposito
1665 1848 1968 1913 Generali
2019 1850 2126 1933 (ad
2170 1871 2366 1934 quem
2409 1852 2687 1916 referent

636 1961 1054 2046 particulares
1118 1960 1479 2046 Praepositi,
1538 1960 1642 2023 vel
1716 1960 1843 2039 alii,
1903 1982 2181 2044 quorum
2241 1962 2685 2027 testimonium

639 2070 977 2135 Generalis
1005 2069 1308 2154 requiret)
1335 2082 1676 2156 perspecta
1703 2071 1887 2134 valde
1919 2072 2275 2156 approbata
2294 2073 2509 2137 fuerit.
2579 2074 2686 2137 Ad

638 2184 763 2246 hoc
812 2192 1029 2245 autem
1078 2182 1364 2245 conferet
1414 2182 1563 2261 illis,
1616 2183 1728 2267 qui
1777 2184 1860 2246 ad
1912 2183 2129 2247 studia
2171 2183 2351 2247 missi
2402 2185 2686 2265 fuerunt,

639 2293 934 2357 absoluta
966 2293 1105 2378 jam
1136 2315 1212 2356 ea
1240 2315 1395 2356 cura
1437 2305 1502 2358 et
1548 2293 1903 2379 diligentia,
1934 2316 2080 2378 quae
2126 2295 2208 2359 ad
2251 2298 2684 2379 ‘excolendum

636 2405 1037 2469 intellectum
1082 2404 1371 2468 adhibita
1407 2405 1623 2485 fuerit,
1658 2405 1905 2469 ultimae
1952 2406 2352 2491 probationis
2396 2419 2684 2493 tempore

637 2519 704 2582 in
759 2519 980 2583 schola
1028 2518 1296 2582 affectus
1357 2518 1732 2603 diligentius
1781 2541 1848 2582 se
1898 2541 2212 2598 exercere,
2263 2531 2329 2584 et
2374 2521 2444 2583 in
2490 2522 2684 2585 rebus

638 2630 1103 2717 spiritualibus,
1148 2638 1229 2695 et·
1252 2630 1714 2715 corporalibuS,
1759 2653 1905 2715 quae
1950 2633 2034 2695 ad
2071 2634 2434 2717 profectum
2463 2634 2532 2696 in
2561 2635 2683 2698 hu-

637 2744 908 2807 militate
938 2754 1003 2806 et
1034 2741 1459 2826 abnegatione
1488 2741 1773 2805 universi
1814 2743 2047 2807 amoris
2092 2745 2429 2824 sensualis,
2471 2748 2684 2808 volun-

639 2855 816 2934 tatis,
856 2862 919 2918 et
962 2855 1200 2935 judicii
1251 2856 1530 2935 proprii,
1575 2865 1641 2918 et
1683 2855 1765 2917 ad
1800 2855 2106 2939 majorem
2153 2857 2588 2941 cognitionem
2619 2869 2683 2921 et

638 2979 921 3029 amorem
974 2964 1100 3027 Dei
1160 2965 1523 3042 conferunt,
1582 2965 1917 3045 insistere3
1991 2973 2067 3029 ut
2127 2967 2275 3030 cum
2334 2968 2402 3030 in
2456 2968 2682 3053 seipsis

636 3075 1047 3161 profecerint,
1065 3075 1295 3139 melius
1325 3075 1407 3139 ad
1436 3077 1801 3161 profectum
1826 3076 2089 3161 spiritus
2121 3076 2277 3141 alios
2301 3079 2384 3141 ad
2412 3078 2682 3163 gloriam

637 3187 764 3251 Dei
795 3198 860 3250 et
890 3187 1159 3250 Domini
1189 3187 1394 3252 nostri
1426 3187 1684 3272 juvent.

638 3300 955 3364 Doctrina
994 3299 1187 3363 etiam
1228 3300 1298 3362 in
1340 3299 1715 3384 hujusmodi
1761 3299 2085 3363 sufficiens
2125 3321 2265 3364 esse
2297 3301 2578 3381 debebit,
2609 3325 2683 3366 ac

635 3423 871 3497 praeter
904 3411 1317 3475 humaniores
1361 3409 1632 3490 litteraS,
1672 3421 1739 3474 et
1780 3411 1974 3474 Artes
2017 3409 2335 3492 liberales,
2379 3413 2573 3477 etiam
2612 3414 2681 3476 in

634 3521 989 3608 Theologia
1019 3522 1417 3588 Scholastica
1446 3536 1511 3588 et
1547 3522 1744 3587 sacris
1786 3522 2019 3587 litteris
2065 3524 2220 3588 satis
2263 3526 2500 3590 versati
2543 3548 2681 3590 esse

637 3634 986 3698 debebunt.
1075 3635 1166 3698 Et
1234 3634 1507 3718 quanvis
1582 3634 1781 3718 aliqui
1852 3634 2128 3699 breviori
2200 3646 2490 3722 tempore
2551 3660 2680 3701 non

634 3745 949 3810 minorem
978 3745 1414 3831 progressum,
1446 3744 1640 3828 quam
1670 3744 1777 3807 alii
1813 3745 2111 3831 longiori,
2140 3747 2348 3813 facere
2377 3756 2683 3834 possent;
2776 3824 2782 3833 ‚

636 3856 1078 3936 nihilominus,
1137 3869 1214 3921 ut
1287 3855 1651 3920 communis
1726 3856 1941 3941 aliqua
2007 3879 2312 3923 mensura
2372 3871 2683 3939 sumatur,

637 3969 921 4053 spatium
952 3968 1215 4052 aliquod
1244 3968 1554 4054 temporis
1585 3968 2060 4053 praescribetur,
2090 3980 2157 4032 et
2199 3969 2324 4034 hoc
2355 3971 2496 4050 erit,
2527 3992 2682 4054 qua-

637 4079 1004 4144 driennium
1033 4079 1361 4165 integrum
1399 4088 1551 4165 post
1586 4080 1847 4169 Artium
1889 4079 2251 4145 liberalium
2296 4093 2361 4145 et
2394 4081 2683 4146 Philoso-

633 4190 807 4276 phiae
848 4192 1063 4256 studia
1108 4192 1178 4255 in
1221 4192 1576 4277 Theologia
1615 4192 1990 4279 explevisse.
2082 4193 2178 4257 Ut
2219 4215 2371 4277 ergo
2411 4193 2494 4256 ad
2532 4214 2682 4276 pro-
