3146 5014
551 520 637 574 40

1307 528 1957 572 CONSTITUTIONUM

681 694 828 757 ralis
876 716 948 757 ac
988 693 1261 757 Moralis
1298 692 1738 777 Philosophia,
1781 691 2258 776 Metaphysica,
2289 702 2356 755 et
2386 691 2738 778 Theologia

685 818 819 869 tam
879 826 1024 889 quae
1086 803 1504 882 Scholastica,
1565 824 1762 886 quam
1823 824 1967 884 quae
2031 801 2316 866 Positiva
2367 801 2624 881 dicitur,
2673 814 2738 865 ct

685 938 864 980 sacra
887 914 1220 999 Scriptura
1243 915 1324 977 ad
1353 914 1422 977 id
1453 913 1791 998 adjuvant:
1837 914 2069 976 harum
2089 913 2473 977 facultatum
2506 914 2738 977 studiis

685 1048 946 1111 operam
1001 1025 1251 1088 dabunt
1304 1023 1416 1107 qui
1465 1024 1547 1086 ad
1591 1023 1881 1108 Collegia
1918 1023 2310 1102 mittuntur3
2373 1036 2438 1087 et
2474 1023 2737 1106 quidem

687 1137 914 1221 majori
945 1159 1095 1200 cum
1128 1135 1462 1220 diligentia
1491 1135 1616 1198 illis
1646 1134 1994 1213 vacabunt,
2025 1156 2170 1218 quae
2216 1135 2299 1197 ad
2343 1135 2543 1198 finem
2572 1157 2737 1219 prae-

687 1247 957 1326 dictum,
1004 1246 1228 1310 habita
1278 1246 1524 1309 ratione
1585 1245 1918 1329 temporis,
1969 1245 2116 1327 loci,
2176 1256 2242 1308 et
2291 1267 2736 1330 personarum,

687 1381 1027 1444 supremus
1075 1358 1451 1421 Moderator
1496 1357 1859 1420 studiorum
1905 1356 2113 1440 magis
2160 1357 2228 1418 in
2260 1357 2546 1421 Domino
2584 1379 2737 1422 con-

684 1471 901 1534 venire
936 1469 1278 1554 judicabit.

685 1582 793 1644 Ad
826 1580 1244 1666 particulares
1296 1601 1605 1664 personas
1656 1577 2129 1656 descendendo,
2185 1578 2343 1662 quid
2385 1578 2455 1640 hi
2498 1578 2602 1641 vel
2643 1579 2737 1642 illi

686 1693 1043 1779 addiscere
1077 1692 1376 1770 debeant,
1428 1689 1849 1776 Superiorum
1908 1689 2271 1775 prudentiae
2317 1690 2737 1774 relinquetur.

685 1805 820 1870 Qui
865 1816 1083 1867 tamen
1128 1802 1344 1866 indole
1381 1801 1626 1886 ingenii
1671 1800 1986 1886 praeditus
2027 1812 2219 1878 esset,
2264 1823 2393 1883 quo
2437 1801 2505 1865 in
2547 1802 2737 1866 dictis

682 1913 1099 1977 facultatibus
1150 1912 1517 1976 solidiorem
1570 1912 1931 1975 doctrinam
1985 1923 2440 1994 consequetur,
2484 1935 2560 1976 eo
2598 1935 2734 1977 rem

684 2006 1008 2086 utiliorem
1038 2023 1296 2086 faceret.

685 2134 786 2197 De
806 2145 1095 2218 tempore
1119 2132 1309 2196 alicui
1340 2154 1419 2195 ex
1449 2132 1551 2195 his
1579 2132 1879 2197 Scientiis
1910 2133 2369 2218 i1npendend0‚
2388 2146 2453 2198 et
2477 2135 2736 2219 quando

683 2245 766 2314 ad
795 2243 1081 2307 utiliores
1114 2243 1198 2306 sit
1226 2242 1795 2328 progrediendum,
1828 2245 2068 2307 Rector
2097 2244 2386 2309 adhibita
2415 2245 2736 2309 examina-

683 2354 858 2418 tione
889 2354 1300 2417 convenienti
1330 2354 1783 2433 considerabit,
1816 2367 1880 2418 et
1912 2365 2173 2418 statuet.

684 2468 1054 2553 Sequantur
1094 2466 1163 2531 in
1216 2467 1442 2552 quavis
1483 2467 1788 2531 facultate
1836 2467 2220 2532 securiorem
2268 2478 2332 2531 et
2376 2468 2582 2553 magis
2622 2490 2737 2553 ap-

680 2579 1018 2664 probatam
1055 2578 1437 2658 doctrinam,
1479 2589 1542 2641 et
1592 2600 1700 2642 eos
1749 2579 2075 2658 authoreS,
2116 2579 2231 2663 qui
2275 2601 2416 2642 eam
2461 2579 2733 2643 docent:

680 2692 869 2776 cujus
912 2692 1004 2755 rei
1056 2713 1255 2775 penes
1308 2692 1652 2754 Rectorem
1700 2691 1856 2775 (qui,
1898 2692 2074 2775 quod
2119 2704 2441 2756 statuetur
2476 2692 2545 2756 in
2590 2693 2736 2756 uni-

678 2825 863 2867 versa
894 2803 1212 2867 Societate
1244 2803 1327 2866 ad
1356 2802 1667 2886 majorem
1700 2804 1826 2867 Dei
1857 2804 2149 2888 gloriam,
2183 2813 2576 2888 sequutums
2606 2808 2728 2887 est)

684 2934 838 2975 cura
868 2912 971 2975 sit.

582 3205 938 3254 QUOMODO
971 3204 1368 3250 JUVENTUR
1403 3203 1882 3250 SCHOLAS'I'ICI
1918 3204 2017 3247 AD
2054 3207 2192 3249 HAS
2226 3205 2703 3251 FAGULTATES

576 3553 627 3607 ·1

589 4214 626 4270 2

1258 3319 1454 3360 BENE
1490 3315 2029 3360 ADDISGENDAS.

1461 3418 1655 3483 CAP.
1705 3418 1825 3482 VI.

681 3544 793 3608 U'r
825 3555 1040 3606 autem
1074 3542 1457 3607 Scholastici
1499 3544 1854 3629 plurimum
1898 3544 1967 3608 in
2014 3546 2307 3609 doctrina
2348 3544 2732 3630 proficiant3

679 3654 748 3717 in
777 3652 1003 3738 primis
1035 3653 1267 3718 animae
1306 3653 1660 3738 puritatem
1704 3656 2049 3736 custodire,
2082 3680 2155 3721 ac
2199 3669 2440 3721 rectam
2487 3654 2732 3719 studio-

676 3786 824 3829 rum
853 3764 1284 3828 intentionem
1322 3763 1558 3827 habere
1606 3776 1943 3846 conentur,
1985 3766 2148 3829 nihil
2177 3767 2352 3831 aliud
2382 3767 2448 3829 in
2481 3764 2731 3842 litteris,

678 3875 872 3960 quam
903 3873 1187 3938 divinam
1218 3873 1510 3959 gloriam,
1530 3882 1597 3937 et
1628 3874 1987 3940 animarum
2019 3877 2304 3940 fructum
2338 3883 2698 3961 quaerentes
2712 3900 2731 3953 3

676 3998 743 4049 et
772 3986 840 4049 in
874 3984 1008 4047 suis
1055 3984 1455 4048 orationibus
1491 3984 1787 4069 gratiam,
1817 3997 1891 4050 ut
1936 3986 2004 4049 in
2052 3987 2346 4050 doctrina
2389 3984 2730 4072 proficiant

677 4096 760 4158 ad
789 4096 966 4159 hunc
1000 4095 1221 4174 finem,
1253 4094 1479 4158 crebro
1509 4107 1760 4180 petant.

677 4205 995 4270 Praeterea
1038 4203 1201 4269 serio
1250 4215 1313 4269 et
1368 4216 1743 4271 constanter
1790 4205 2081 4270 animum
2140 4208 2371 4272 studiis
2414 4206 2735 4293 applicare
