3146 5014
1234 497 1416 542 PARS
1466 498 1791 547 QUAR'PA.
2530 491 2614 547 59

562 661 789 745 quavis
821 661 902 724 ab
932 661 1066 724 ullo
1095 682 1215 746 pro
1244 683 1313 726 re
1345 663 1569 747 quavis
1610 664 1679 727 in
1724 665 2013 750 ipsorum
2057 664 2403 729 utilitatem
2447 666 2617 731 facta

563 774 850 859 accipere
924 774 1258 858 permittat
1281 800 1300 854 3
1376 779 1869 858 quandoquidem
1928 781 2257 860 proemium
2329 786 2614 844 nostrum

561 890 728 950 solus
753 889 1044 950 Christus
1072 889 1379 951 Dominus
1404 889 1607 968 juxta
1635 896 1917 953 nostrum
1945 890 2318 954 Ins-titutum
2352 896 2611 967 (merces

562 1000 721 1061 enim
750 1020 979 1080 magna
1008 1000 1223 1076 nimis)
1251 999 1535 1079 futurus
1565 1008 1680 1063 est.

710 1287 805 1333 DE
843 1292 962 1349 118,
997 1293 1161 1340 QUAE
1198 1292 1622 1337 PERTINENT
1656 1292 1755 1336 AD
1790 1293 2021 1337 BONOS
2057 1294 2323 1338 MORES.

477 1526 503 1580 1
557 1520 650 1581 D1
662 1539 1038 1582 LIGENTER
1070 1530 1351 1603 curetur,
1383 1529 1457 1583 ut
1501 1519 1616 1603 qui
1659 1518 1906 1584 litteras
1952 1521 2242 1585 discendi
2286 1522 2493 1608 gratia
2522 1524 2605 1587 ad

560 1628 1027 1693 Universitates
1083 1629 1422 1693 Societatis
1473 1652 1541 1693 se
1595 1630 1959 1710 conferunt,
2022 1631 2216 1695 simul
2275 1655 2426 1696 cum
2477 1633 2603 1696 illis

554 1739 760 1803 bonos
801 1761 873 1802 ac
912 1739 1299 1803 Christianis
1341 1739 1572 1824 dignos
1614 1763 1823 1805 mores
1869 1741 2246 1805 addiscant:
2301 1743 2385 1805 ad
2429 1744 2606 1827 quod

556 1850 834 1914 multum
896 1850 1161 1935 juverit,
1223 1851 1278 1914 si
1351 1873 1575 1915 omnes
1638 1851 1908 1936 singulis
1984 1852 2210 1916 saltem
2270 1853 2603 1918 mensibus

555 1963 751 2026 semel
780 1963 862 2026 ad
893 1962 1315 2027 confessionis
1347 1974 1823 2027 sacramentum
1854 1965 2165 2027 accedent
2182 1989 2202 2044 3
2248 1964 2303 2028 si
2336 1965 2600 2030 missam

551 2073 859 2157 quotidie,
891 2074 1269 2137 concionem
1311 2073 1584 2158 singulis
1630 2073 1859 2138 diebus
1903 2074 2085 2138 festis
2122 2075 2294 2158 (cum
2340 2097 2416 2140 ea
2459 2077 2593 2161 fiet)

550 2186 834 2250 audient.
924 2187 1030 2249 Ex
1066 2185 1580 2271 Praeceptoribus
1629 2197 1846 2249 autem
1895 2185 2168 2270 quisque
2213 2188 2337 2252 hoc
2383 2211 2420 2252 a
2465 2190 2600 2254 suis

548 2298 881 2383 discipulis
910 2298 1205 2383 praestari
1235 2296 1505 2362 curabit.

463 2416 502 2472 2
553 2411 943 2495 Praelegetur
995 2409 1190 2473 etiam
1237 2409 1307 2472 in
1370 2398 1683 2493 CollegiO,
1737 2409 1950 2495 aliquo
2004 2410 2107 2474 die
2152 2410 2598 2497 cujuscunque

546 2522 993 2601 hebdomadae,
1032 2520 1404 2586 Christiana
1443 2520 1738 2584 doctrina
1756 2546 1774 2599 3
1820 2531 1885 2585 et
1924 2533 2000 2585 ut
2042 2522 2229 2607 pueri
2258 2546 2400 2587 eam
2431 2524 2599 2588 edis-

546 2644 719 2714 cant,
766 2643 831 2696 et
889 2632 1185 2712 recitent,
1246 2654 1599 2715 omnesque
1660 2630 1855 2695 etiam
1915 2631 2285 2712 adultioreS,
2339 2634 2401 2697 si
2458 2635 2598 2698 fieri

542 2757 781 2832 potest,
812 2747 1083 2809 eandem
1115 2745 1344 2825 sciant,
1374 2744 1726 2809 curabitur.

455 2865 496 2921 3
548 2857 916 2921 Habebitur
964 2856 1158 2921 etiam
1213 2856 1485 2941 singulis
1534 2855 1958 2920 hebdomadis
2017 2858 2116 2939 (ut
2160 2857 2239 2921 de
2290 2857 2595 2944 Collegiis

544 2981 643 3033 est
702 2968 973 3050 dictum)
1040 2968 1121 3032 ab
1181 2967 1397 3052 aliquo
1457 2989 1536 3031 ex
1599 2963 2014 3032 Scholasticis
2074 2967 2453 3034 declamatio
2514 2971 2594 3035 de

540 3080 755 3159 rebus,
829 3101 976 3163 quae
1050 3078 1464 3143 audientibus
1538 3077 1949 3141 aedificationi
2009 3077 2164 3159 sint,
2222 3102 2458 3166 eosque
2511 3083 2595 3145 ad

542 3201 965 3275 augmentum
1024 3189 1095 3252 in
1155 3189 1334 3252 omni
1391 3189 1673 3274 puritate
1734 3210 1807 3251 ac
1866 3188 2104 3253 virtute
2156 3193 2591 3275 expetendum

539 3304 853 3368 invitent:
921 3310 997 3366 ut
1043 3326 1177 3366 non
1231 3303 1441 3367 solum
1491 3304 1699 3388 stylus
1752 3315 2122 3368 exerceatur
2139 3330 2159 3384 3
2221 3307 2337 3369 sed
2377 3328 2589 3370 mores

539 3416 833 3479 meliores
862 3416 1237 3479 reddantur.
1328 3416 1579 3479 Omnes
1628 3424 1845 3476 autem
1891 3436 2021 3493 eos,
2065 3416 2179 3499 qui
2222 3416 2419 3481 latine
2466 3418 2589 3481 sci-

540 3538 683 3605 unt,
713 3527 1085 3612 hujusmodi
1115 3526 1566 3591 declamationi
1595 3526 1904 3593 interesse
1935 3528 2280 3613 oportebit.

445 3646 491 3701 4
541 3639 623 3702 In
670 3640 906 3703 scholis
946 3663 1066 3704 nec
1116 3640 1508 3725 juramenta,
1562 3662 1682 3703 nec
1734 3641 1986 3727 injuriae
2032 3642 2228 3706 verbo
2271 3642 2373 3706 vel
2411 3644 2583 3708 facto

535 3750 753 3830 illatae,
784 3773 903 3815 nec
934 3751 1355 3815 inhonestum
1398 3762 1512 3814 aut
1555 3751 1944 3815 dissolutum
1991 3752 2150 3836 quid
2190 3753 2257 3815 in
2304 3755 2584 3819 externis

534 3863 616 3924 ad
676 3863 927 3926 scholas
989 3861 1444 3926 accedentibus
1514 3862 1949 3945 permittatur.
2038 3862 2307 3926 Feratur
2366 3877 2583 3929 autem

535 3974 1015 4058 Praeceptorum
1045 3972 1384 4059 peculiaris
1414 3972 1691 4035 intentio
1721 3983 1857 4035 tam
1886 3973 1956 4035 in
1994 3973 2402 4054 lectionibuS‚
2432 3976 2581 4040 cum

533 4107 601 4147 se
640 4084 892 4148 occasio
925 4085 1254 4163 obtulerit,
1286 4106 1481 4167 quam
1514 4095 1695 4146 extra
1725 4105 1832 4147 eas
1863 4085 1947 4147 ad
1992 4085 2250 4147 eosdem
2282 4086 2366 4149 ad
2395 4088 2580 4153 obse-

528 4198 754 4281 quium
795 4210 859 4262 et
913 4220 1198 4262 amorem
1240 4197 1368 4260 Dei
1409 4218 1482 4259 ac
1531 4196 1872 4277 virtutum,
1926 4197 2161 4281 quibus
2205 4198 2287 4261 Ei
2330 4201 2580 4285 placere
