3146 5014
536 500 659 556 110
1296 509 1949 555 οοΝεΤῐΤυΤιοΝυΜ

572 685 613 740 9

534 2560 615 2616 10

533 3222 604 3276 11

533 3884 610 3941 12

661 677 845 740 Idem
879 675 1214 740 Generalis
1254 674 1323 737 in
1359 674 1776 738 missionibus
1817 695 2077 738 omnem
2107 673 2373 737 habebit
2416 684 2706 758 potesta-

658 795 834 863 tem3
902 786 994 849 eis
1043 796 1263 849 tamen
1302 785 1482 847 nulla
1523 785 1771 849 ratione
1806 784 2255 869 repugnando,
2293 806 2439 867 quae
2480 806 2519 847 a
2561 787 2709 850 sede

659 897 1035 982 Apostolica
1085 899 1182 980 (ut
1221 897 1289 959 in
1343 898 1619 982 septima
1661 907 1843 981 parte
1890 896 2145 977 dicitur)
2191 896 2710 980 proficiscuntur.

660 1010 927 1073 Mittere
960 1032 1112 1094 ergo
1142 1009 1380 1094 poterit
1410 1031 1636 1072 omnes
1678 1007 1800 1071 sibi
1846 1007 2162 1086 subditos,
2194 1007 2326 1074 sive
2367 1009 2710 1092 professio-

658 1143 810 1183 nem
840 1120 1190 1198 emiserint,
1212 1121 1343 1183 sive
1375 1142 1507 1183 non
1539 1119 1891 1196 emiserint,
1930 1119 2115 1201 (quos
2147 1117 2498 1183 mittendos
2532 1119 2711 1203 judi-

658 1232 917 1312 caverit)
964 1233 1046 1294 ad
1099 1231 1419 1313 quaslibet
1463 1230 1691 1292 mundi
1747 1240 1962 1313 partes
2010 1230 2092 1292 ad
2136 1229 2408 1312 quodvis
2449 1242 2708 1314 tempus

656 1342 759 1405 vel
811 1342 1182 1418 definitum,
1226 1339 1329 1403 vel
1375 1339 1813 1416 indefinitum,
1865 1347 2062 1423 prout
2110 1339 2167 1401 ei
2225 1339 2572 1418 videbitur,
2626 1343 2715 1403 ad

657 1456 917 1535 quanvis
947 1455 1253 1516 actionem
1282 1473 1361 1514 ex
1391 1451 1490 1529 iis,
1521 1449 1758 1533 quibus
1789 1449 1886 1513 uti
1916 1450 1999 1513 ad
2041 1450 2485 1534 proximorum
2526 1449 2709 1513 auxi-

655 1563 816 1626 lium
864 1562 1148 1625 Societas
1194 1561 1358 1625 solet
1402 1563 1822 1624 eoeereendam.
1915 1560 2160 1624 Poterit
2220 1560 2415 1624 etiam
2472 1560 2704 1624 missos

656 1694 974 1751 revocare,
1036 1683 1101 1735 et
1160 1675 1228 1735 in
1287 1671 1565 1734 omnibu-s·
1618 1670 1917 1753 denique,
1970 1681 2044 1733 ut
2093 1671 2176 1733 ad
2226 1670 2534 1756 majorem
2583 1671 2709 1734 Dei

657 1783 927 1867 gloriam
985 1783 1121 1845 fore
1183 1779 1475 1859 senserit,
1538 1782 1895 1861 procedere.
1989 1781 2196 1860 Idem,
2258 1803 2408 1844 cum
2469 1782 2709 1846 talenta

657 1894 1031 1957 hominibus
1088 1892 1427 1956 Societatis
1487 1899 1725 1955 nostrae
1787 1893 2026 1962 donata
2084 1901 2454 1977 cognoscat,
2502 1893 2710 1956 officia

661 1989 1186 2080 Praedicatorum,
1218 2003 1591 2080 Lectorum,
1638 2014 1702 2065 et
1745 2001 2301 2066 Confessariorum
2347 2003 2708 2067 distribuet.

657 2114 761 2176 De
794 2113 933 2175 aliis
965 2112 1190 2175 officiis
1221 2114 1609 2176 tantundem
1640 2112 2074 2196 intelligatur:
2139 2124 2204 2176 et
2248 2112 2602 2196 quemlibet
2632 2135 2707 2176 eo

656 2223 724 2285 in
769 2244 1056 2296 munere,
1092 2223 1270 2305 quod
1313 2222 1800 2285 convenientius
1848 2223 1930 2285 ad
1975 2221 2266 2286 divinum
2298 2222 2708 2305 obsequium,

657 2343 722 2394 et
771 2332 1044 2395 salutem
1106 2332 1465 2395 animarum
1527 2332 1822 2395 obiturus
1880 2332 1950 2395 in
2012 2332 2300 2396 Domino
2359 2332 2706 2409 videbitur,

659 2441 1033 2505 constituet.

660 2552 825 2637 Ejus
879 2552 1021 2630 erit,
1068 2552 1168 2615 uti
1214 2552 1633 2616 facultatibus
1680 2574 1718 2616 a
1766 2552 1931 2616 Sede
1978 2552 2356 2636 Apostolica
2403 2552 2708 2616 Societati

659 2663 1002 2740 concessis,
1056 2673 1121 2725 et
1174 2684 1316 2725 eam
1362 2674 1614 2746 partem
1652 2662 1907 2725 illarum
1946 2662 2296 2745 unicuique
2334 2662 2707 2726 inferiorum

659 2773 1156 2850 communicare,
1198 2794 1393 2855 quam
1433 2773 1502 2835 in
1553 2772 1697 2856 ipso
1743 2772 1908 2835 bene
1959 2773 2333 2836 collocatam
2380 2774 2462 2836 ad
2507 2776 2707 2837 finem

656 2882 859 2945 divini
890 2882 1182 2964 obsequii
1212 2882 1399 2946 nobis
1439 2883 1781 2966 praefixum
1826 2882 2302 2946 existimaverit.
2392 2883 2707 2968 Ejusdem

656 2993 798 3071 erit,
846 3014 1141 3056 revocare
1203 3014 1332 3070 eas,
1379 2992 1482 3055 vel
1533 2994 1931 3070 contrahere,
1981 2993 2063 3055 ad
2103 2994 2374 3056 eandem
2414 2995 2706 3077 regulam

657 3105 858 3168 divini
886 3104 1273 3188 beneplaciti
1303 3104 1520 3167 omnia
1548 3104 1884 3189 exigendo·

658 3214 970 3298 Ejusdem
1015 3213 1349 3277 Generalis
1391 3214 1674 3278 officium
1726 3213 1868 3292 erit,
1914 3212 2417 3276 correctionibus
2463 3215 2582 3294 uti,
2628 3237 2701 3278 ac

655 3323 1090 3408 poenitentiaS,
1140 3346 1286 3407 quae
1338 3325 1420 3387 ad
1473 3323 1976 3388 satisfactionem
2026 3344 2540 3406 quoruncunque
2595 3325 2706 3387 de-

655 3436 947 3498 fectuum
999 3434 1337 3498 convenire
1385 3434 1798 3513 videbuntur,
1837 3433 2061 3497 habita
2104 3434 2350 3497 ratione
2401 3455 2706 3518 persona-

655 3567 824 3623 rum,
877 3553 942 3608 et
986 3545 1254 3609 aliarum
1300 3546 1930 3624 circunstantiarum,
1990 3544 2367 3629 injungere:
2431 3567 2704 3628 quarum

657 3654 1081 3718 consideratio
1112 3654 1251 3738 ejus
1282 3656 1579 3719 charitati
1609 3678 1759 3719 cum
1789 3655 2136 3741 prudentia
2179 3653 2548 3739 conjuncta,
2579 3678 2705 3739 qua

658 3767 741 3830 ad
769 3766 896 3830 Dei
926 3766 1195 3850 gloriam
1226 3777 1467 3846 utetur,
1499 3766 1948 3830 committitur.

657 3878 969 3962 Ejusdem
1016 3878 1158 3956 erit,
1203 3899 1554 3942 convocare
1603 3876 1990 3942 Societatem
2032 3877 2115 3939 ad
2158 3876 2520 3960 generalem
2552 3897 2705 3939 con-

657 4001 924 4055 ventum
960 3990 1242 4073 (quando
1288 3990 1425 4054 aliis
1471 3991 1550 4053 de
1596 3990 1812 4067 rebus,
1852 4010 2047 4073 quam
2078 3988 2157 4052 de
2189 3988 2499 4051 electione
2533 3987 2706 4050 Prae-

655 4100 852 4182 positi
887 4108 986 4165 est
1025 4100 1372 4184 agendum)
1415 4112 1480 4164 et
1531 4100 1901 4185 praecipere,
1938 4110 2013 4161 ut
2056 4097 2466 4182 provincialis
2508 4096 2702 4160 etiam

657 4212 1068 4294 congregatio
1130 4223 1540 4292 convocetur,
1600 4213 1751 4277 cum
1810 4209 2108 4294 expedire
2171 4208 2579 4294 judicaverit,
2640 4219 2705 4270 et
