3146 5014
573 547 655 604 56
1328 553 1978 598 cons'rrru'rlonuu

710 722 983 800 sidente,
1014 720 1126 806 qui
1158 720 1643 784 contentionem
1676 718 1956 796 dirimat,
1986 727 2053 780 et
2084 717 2242 800 quid
2273 716 2585 782 doctrinae
2615 718 2760 782 elici

706 844 999 918 oporteat
1029 854 1108 898 ex
1139 830 1507 917 disputatis,
1538 829 1839 894 declaret.

617 953 658 1009 4
705 945 851 1008 Erit
880 943 1106 1007 itidem
1131 942 1447 1021 Rectoris,
1465 964 1583 1027 per
1614 963 1704 1021 se,
1734 940 1838 1005 vel
1864 961 1982 1025 per
2007 939 2479 1003 Cancellarium
2505 962 2758 1026 semper

707 1056 1084 1133 observare3
1130 1065 1204 1117 ut
1235 1053 1348 1137 qui
1378 1053 1529 1117 novi
1561 1052 1901 1133 accedunt,
1930 1050 2419 1129 examinentur3
2465 1062 2533 1115 et
2573 1052 2641 1115 in
2679 1052 2757 1116 iis

714 1166 1069 1246 Classibus,
1129 1186 1406 1249 cumque
1477 1163 1553 1226 iis
1618 1161 2153 1247 PraeceptoribuS,
2214 1163 2327 1246 qui
2386 1163 2544 1247 ipsis
2606 1186 2759 1227 con-

710 1278 1003 1356 veniunt,
1056 1276 1500 1354 collocentur3
1567 1285 1633 1338 et
1685 1273 1824 1358 ejus
1878 1274 2248 1337 discretioni
2313 1274 2556 1356 (audita
2616 1298 2761 1339 sen-

714 1389 919 1453 tentia
948 1411 1193 1467 eorum,
1225 1387 1338 1471 qui
1367 1387 1451 1450 ad
1479 1386 1548 1449 id
1581 1408 1821 1449 munus
1864 1384 2185 1470 designati
2231 1387 2405 1468 sunt)
2441 1387 2762 1470 relinque:

717 1512 846 1579 tur,
890 1521 1051 1563 num
1098 1497 1342 1561 diutius
1386 1496 1455 1559 in
1501 1496 1725 1561 eadem
1772 1496 1974 1559 classe
2020 1518 2300 1575 manere,
2330 1519 2413 1559 an
2459 1497 2542 1559 ad
2572 1497 2763 1560 aliam

716 1612 986 1675 ulterius
1038 1609 1340 1695 progredi
1389 1607 1688 1672 debeant.
1781 1607 2096 1691 Ejusdem
2145 1608 2266 1671 erit
2316 1607 2640 1692 judicium
2683 1609 2762 1672 de

718 1722 935 1786 studio
1006 1721 1396 1805 linguarum,
1469 1729 1707 1804 praeter
1764 1718 2089 1797 Latinam,
2149 1740 2309 1781 num
2368 1718 2639 1782 Artibus
2700 1731 2764 1782 et

717 1831 1087 1915 Theologiae
1139 1829 1467 1916 anteponi,
1520 1851 1603 1893 an
1656 1828 1984 1913 postponi,
2037 1840 2101 1892 et
2149 1829 2343 1913 quam
2396 1829 2509 1892 diu
2559 1829 2627 1892 in
2672 1830 2764 1893 eis

721 1965 1043 2027 quemque
1087 1942 1326 2004 haerere
1387 1950 1700 2025 oporteat.
1793 1941 1899 2004 Sic
1944 1941 2137 2003 etiam
2181 1940 2250 2003 in
2296 1941 2433 2003 aliis
2483 1941 2766 2005 scientiis

722 2053 1158 2139 superioribus
1180 2063 1446 2137 propter
1465 2052 1875 2136 ingeniorum
1898 2064 1963 2116 et
1985 2064 2251 2117 aetatum
2269 2053 2770 2137 inaequalitatem

724 2165 973 2249 aliaque
1018 2164 1526 2228 consideratione
1571 2163 1769 2248 digna
1812 2164 1896 2226 ad
1947 2164 2225 2229 eundem
2268 2164 2619 2249 pertinebit
2662 2187 2771 2228 ex-

723 2277 1028 2362 pendere,
1057 2277 1318 2359 quando
1349 2275 1622 2360 quisque
1653 2297 1761 2339 eas
1792 2276 2077 2361 aggredi,
2108 2287 2173 2340 et
2219 2276 2506 2360 quandui
2549 2277 2618 2340 in
2650 2277 2772 2341 eis-

728 2389 876 2452 dem
926 2388 1165 2454 versari
1214 2387 1480 2451 debeat:
1560 2386 1853 2452 Quanvis
1902 2387 1967 2466 ii,
2021 2388 2134 2472 qui
2181 2400 2369 2452 aetate
2418 2401 2482 2453 et
2529 2389 2772 2473 ingenii

728 2498 1089 2585 aptitudine
1133 2497 1403 2584 pollent,
1435 2496 1667 2561 melius
1713 2497 1818 2577 sit,
1863 2510 1938 2562 ut
1981 2498 2050 2562 in
2097 2499 2398 2564 omnibus
2439 2500 2771 2585 proficere,

726 2624 792 2677 et
822 2611 1156 2697 conspicui
1186 2633 1325 2675 esse
1356 2610 1439 2674 ad
1469 2609 1597 2674 Dei
1626 2609 1895 2694 gloriam
1927 2611 2275 2677 enitantur.

641 2731 676 2786 5
728 2723 824 2788 Ut
855 2723 1196 2786 assiduitas
1225 2722 1295 2785 in
1322 2720 1633 2785 litterario
1670 2721 1992 2801 exercitio,
2024 2722 2115 2785 sic
2146 2734 2210 2786 et
2242 2723 2454 2807 aliqua
2481 2722 2770 2787 remissio

726 2833 1085 2897 necessaria
1114 2839 1232 2895 est.
1325 2832 1592 2897 Quanta
1620 2833 1760 2895 haec
1791 2854 1929 2896 esse
1962 2833 2214 2912 debeat,
2246 2845 2310 2897 et
2342 2834 2579 2917 quibus
2609 2844 2774 2898 tem-

726 2943 1015 3029 poribus,
1060 2942 1556 3007 considerationi
1596 2944 1911 3023 Rectoris,
1957 2945 2254 3029 expensis
2295 2945 2771 3010 circunstantiis

728 3076 1150 3141 personarum
1180 3065 1245 3119 et
1274 3055 1587 3134 locorum,
1616 3055 2033 3139 relinquetur.

1025 3423 1120 3464 DE
1157 3423 1421 3482 LIBRIS,
1454 3424 1584 3471 QUI
1619 3423 2113 3467 PRAELEGENDI
2149 3425 2355 3469 SUNT.

654 3679 681 3734 1
739 3671 1197 3736 GENERATIM
1238 3675 1334 3755 (ut
1364 3673 1613 3737 dictum
1644 3687 1764 3754 est,
1796 3677 1945 3740 cum
1992 3679 2072 3741 de
2105 3678 2408 3764 Collegiis
2453 3685 2767 3766 ageretur)

732 3782 822 3845 illi
858 3784 1290 3868 praelegentur
1331 3783 1500 3864 libri,
1531 3784 1645 3867 qui
1687 3785 1757 3848 in
1801 3788 2074 3873 quanvis
2115 3790 2420 3855 facultate
2463 3796 2777 3857 solidioris

735 3916 811 3958 ac
838 3897 1174 3959 securioris
1213 3898 1509 3960 doctrinae
1542 3896 1989 3979 habebuntur,
2078 3900 2220 3964 Nec
2263 3902 2355 3964 illi
2401 3916 2554 3968 sunt
2585 3904 2778 3968 attin-

734 4005 952 4089 gendi,
983 4028 1260 4090 quorum
1292 4007 1608 4087 doctrina,
1637 4008 1740 4073 vel
1770 4011 2071 4074 authores
2117 4014 2402 4097 suspecti
2447 4015 2595 4079 sint.
2687 4017 2782 4078 Hi

733 4126 952 4180 tamen
983 4117 1417 4201 particulatim
1450 4119 1518 4182 in
1551 4121 1823 4204 quanvis
1858 4121 2293 4189 Universitate
2326 4127 2783 4208 nominentur3

741 4226 807 4289 in
845 4229 1198 4313 Theologia
1249 4230 1499 4313 legetur
1542 4244 1729 4298 vetus
1774 4244 1838 4296 et
1883 4256 2124 4300 novum
2168 4237 2681 4319 Testamentum,
2721 4254 2784 4304 et
