3146 5014
1245 472 1429 515 PARs
1477 471 1792 516 oo‘ravA.
2526 461 2610 517 99

610 695 705 739 ΒΕ
742 694 949 739 MODO
982 695 1642 755 DELIBERA'PIONIS,
1677 695 1833 740 CUM
1869 694 1964 739 DE
2000 694 2421 741 ELECTIONE

1133 806 1559 850 GENERALIS
1596 807 1903 850 AGITUR.

1342 922 1539 988 CAP.
1584 923 1706 987 VI.

478 1067 508 1123 1
564 1060 640 1124 S1
694 1070 1053 1123 conventus
1101 1059 1385 1123 indictus
1439 1071 1538 1123 est
1600 1060 1683 1123 ad
1741 1060 1893 1124 novi
1944 1060 2305 1145 Praepositi,
2372 1061 2486 1145 qui
2545 1061 2613 1125 in

560 1170 881 1235 demortui
909 1170 1126 1234 locum
1158 1172 1483 1250 succedat,
1515 1170 1936 1250 electionem3
1999 1171 2195 1235 simul
2237 1183 2431 1256 atque
2475 1194 2613 1236 om-

559 1307 676 1349 nes
723 1284 1165 1363 convenerint,
1217 1283 1513 1347 Vicarius
1571 1283 1909 1348 Generalis
1959 1296 2239 1370 quatuor
2286 1285 2423 1348 dies
2465 1297 2614 1349 ante

562 1395 902 1479 Praepositi
932 1395 1136 1459 futuri
1167 1394 1546 1459 electionem
1578 1395 1658 1471 de
1690 1396 1917 1459 eadem
1961 1417 2186 1459 omnes
2230 1395 2616 1480 alloquatur,

559 1507 983 1589 horteturque
1013 1506 1099 1569 ad
1127 1527 1292 1585 eam,
1321 1517 1519 1590 prout
1562 1506 1648 1569 ad
1689 1505 1900 1591 majus
1932 1506 2060 1570 Dei
2101 1507 2509 1591 obsequium,
2553 1516 2618 1571 et

559 1615 800 1680 bonam
856 1616 1195 1680 Societatis
1243 1615 1782 1701 gubernationem
1842 1617 2166 1697 convenit,
2216 1618 2616 1682 faciendam:

561 1738 627 1790 et
676 1738 914 1813 praeter
963 1728 1141 1791 hunc
1191 1726 1385 1808 diem,
1432 1735 1564 1790 tres
1619 1738 1965 1811 sequentes
2011 1728 2371 1806 habebunt,
2422 1736 2498 1792 ut
2550 1751 2617 1792 se

562 1840 706 1902 Deo
756 1840 1236 1918 commendent,
1289 1838 1649 1923 meliusque
1704 1839 2137 1919 considerent,
2186 1840 2485 1923 quisnam
2538 1863 2618 1904 ex

562 1952 861 2016 universa
893 1952 1213 2016 Societate
1246 1952 1329 2015 ad
1371 1950 1750 2036 hujusmodi
1782 1974 2005 2015 curam
2033 1952 2313 2016 maxime
2342 1953 2616 2017 idoneus

561 2062 646 2125 sit
680 2063 985 2141 futurus;
1051 2074 1117 2126 et
1166 2084 1241 2125 eo
1282 2073 1573 2147 tempore
1628 2062 1930 2126 certiores
1973 2062 2156 2126 reddi
2197 2063 2277 2127 de
2321 2062 2421 2143 iis,
2470 2086 2617 2148 quae

562 2173 645 2236 ad
694 2195 833 2236 rem
884 2173 1237 2257 pertinent,
1286 2173 1369 2237 ab
1420 2173 1570 2253 illis,
1624 2173 1739 2258 qui
1784 2173 1951 2238 bene
2010 2181 2322 2259 poterunt
2361 2175 2618 2254 referre,

560 2295 829 2347 curent:
877 2285 1084 2348 donec
1130 2294 1351 2348 tamen
1395 2284 1847 2370 ingrediantur
1888 2284 2106 2348 locum
2152 2284 2507 2365 electioniS,
2552 2293 2618 2350 et

557 2394 627 2457 in
664 2416 814 2458 eum
860 2394 1299 2474 includantur,
1348 2417 1482 2459 non
1534 2395 1849 2459 definiant
1897 2396 2074 2479 apud
2109 2417 2200 2475 se,
2248 2418 2444 2480 quem
2487 2396 2618 2459 sint

563 2504 848 2569 electuri.

477 2624 516 2679 2
567 2618 714 2680 Hoc
743 2616 958 2680 medio
988 2627 1279 2702 tempore
1325 2616 1775 2699 unusquisque
1808 2615 1931 2679 sub
1960 2637 2156 2700 poena
2178 2616 2618 2680 excommuni-

563 2727 837 2791 cationis
868 2727 1018 2790 latae
1049 2725 1387 2791 sententiae
1428 2737 1726 2791 teneatur
1754 2726 2011 2790 Vicario
2055 2726 2488 2806 manifestare,
2517 2727 2620 2791 vel

563 2837 754 2902 alicui
793 2860 872 2901 ex
916 2838 1390 2923 antiquioribus
1423 2838 1736 2902 Professis
1787 2838 1923 2923 (qui
1968 2860 2119 2901 cum
2163 2838 2419 2902 Vicario
2465 2860 2621 2901 con-

562 2949 746 3030 feret)
785 2948 839 3011 si
870 2948 1061 3011 sciret
1106 2948 1387 3032 aliquem
1429 2950 1554 3013 hoc
1596 2971 1838 3013 munus
1883 2950 2237 3028 affectasse,
2280 2949 2385 3013 vel
2427 2948 2619 3012 etiam

566 3072 725 3124 tunc
767 3061 1086 3139 affectare,
1132 3059 1374 3123 directe
1411 3072 1524 3124 aut
1570 3060 1884 3124 indirecte
1931 3060 2002 3124 id
2051 3060 2481 3145 procurando,
2519 3060 2622 3124 vel

569 3173 755 3259 signo
810 3172 1025 3257 aliquo
1077 3172 1147 3235 id
1184 3153 1604 3236 declarando.
1698 3172 1831 3238 Qui
1876 3184 2094 3235 autem
2136 3173 2216 3234 (16
2270 3171 2621 3235 ambitione

566 3284 947 3369 hujusmodi
1000 3283 1335 3348 convictus
1385 3294 1578 3362 esset,
1632 3283 1841 3348 activo
1895 3293 1960 3345 et
2011 3282 2268 3367 passivo
2317 3282 2623 3366 suffragio

563 3396 877 3481 privetur,
921 3404 998 3460 ut
1042 3395 1155 3479 qui
1199 3417 1319 3459 nec
1366 3395 1449 3458 ad
1494 3394 1866 3479 eligendum
1910 3392 2131 3472 alium,
2184 3414 2326 3470 nec,
2365 3402 2442 3454 ut
2481 3391 2621 3476 ipsc

567 3508 876 3593 elegatur,
908 3508 993 3572 sit
1020 3507 1293 3571 idoneus
1319 3532 1337 3585 3
1382 3506 1558 3570 unde
1589 3527 1710 3568 nec
1739 3505 1810 3569 in
1841 3526 1983 3568 eam
2010 3503 2622 3590 Congregationem,

565 3642 685 3684 nec
714 3620 785 3683 in
817 3620 1007 3684 aliam
1036 3640 1329 3704 unquam
1360 3617 1617 3681 admitti
1645 3617 1875 3703 possit.

476 3738 517 3796 3
568 3731 725 3816 Ipso
757 3731 860 3794 dic
903 3731 1256 3812 electionis,
1288 3730 1400 3814 qui
1444 3731 1567 3794 hos
1612 3737 1743 3793 tres
1790 3728 1927 3792 dies
1974 3738 2428 3810 consequetur,
2459 3725 2624 3788 cele—

563 3841 708 3906 bret
757 3841 990 3927 aliquis
1051 3841 1317 3906 missam
1378 3842 1457 3904 de
1522 3839 1770 3925 Spiritu
1831 3849 2079 3916 sancto,
2141 3858 2337 3921 quam
2396 3858 2622 3900 omnes

562 3953 855 4034 audiant,
902 3976 976 4018 ac
1019 3955 1090 4018 in
1136 3954 1361 4018 eadem
1408 3951 1891 4016 sanctissimum
1941 3949 2188 4013 Christi
2232 3970 2469 4034 corpus
2516 3971 2625 4012 su-

564 4076 769 4130 mant.
2624 4074 2631 4075 ⁷

475 4183 520 4240 4
570 4175 1008 4270 Postmodum·
1031 4176 1113 4240 ad
1137 4197 1469 4261 campanae
1500 4174 1786 4260 pulsum,
1813 4172 1926 4258 qui
1958 4171 2337 4257 suffragium
2358 4171 2624 4251 habent,
