3146 5014
546 489 630 546 34
1308 500 1956 544 coNs'm'rU'rloNUM

586 673 626 730 3
677 666 929 728 Eodem
961 665 1063 727 die
1096 665 1361 728 candela
1392 686 1575 728 cerea
1606 664 1962 728 Fundatori
1993 663 2317 743 offeratur,
2350 675 2462 726 aut
2506 665 2621 727 uni
2653 688 2732 728 cx

678 776 833 856 suis»,
865 776 977 860 qui
1007 775 1132 860 ipsi
1164 775 1248 839 sit
1284 777 1668 860 cognatione
1707 774 1999 860 proxime
2040 773 2452 859 conjunctus,
2483 784 2596 839 aut
2638 776 2729 838 illi

674 887 960 966 demum,
1021 909 1215 970 quem
1289 886 1429 971 ipse
1505 886 1842 949 Fundator
1915 885 2348 970 designaverit
2379 910 2395 948 t
2470 886 2539 949 in
2599 908 2729 969 qua

556 1035 568 1048 ·
673 997 941 1061 candela
999 1017 1324 1061 armorum
1387 996 1800 1074 Fundatoris,
1861 1007 1973 1059 aut
2034 995 2395 1060 devotionis
2447 995 2727 1081 insignia

670 1119 913 1173 extent.
1004 1108 1128 1172 Illa
1167 1109 1319 1173 verb
1372 1107 1717 1172 testabitur
1770 1107 2078 1186 SocietaS‚
2125 1127 2320 1190 quam
2368 1108 2723 1172 Fundatori

667 1220 737 1283 in
768 1219 1055 1284 Domino
1086 1219 1300 1299 debet,
1332 1219 1818 1304 gratitudinem.

579 1338 621 1392 4
669 1330 840 1394 Cfun
883 1330 1166 1415 primum
1200 1329 1486 1394 Societas
1525 1329 1596 1393 in
1629 1328 1902 1414 Collegii
1933 1328 2205 1412 alicujus
2244 1328 2723 1414 possessionem

664 1442 954 1521 venerit3
1014 1441 1408 1527 Praepositus
1453 1440 1790 1505 Generalis
1833 1451 2013 1503 curet
2064 1439 2264 1502 indici
2303 1462 2421 1524 per
2462 1440 2723 1504 univer-

667 1575 803 1617 sam
838 1552 1247 1631 Societatem,
1288 1564 1362 1616 ut
1408 1552 1680 1636 quilibet
1728 1551 2040 1615 Sacerdos
2085 1560 2184 1613 ter
2227 1571 2483 1625 sacrum
2526 1550 2723 1615 faciat

552 1650 555 1653 .
663 1686 782 1750 pro
823 1664 1169 1750 superstite
1211 1664 1582 1728 Fundatore
1620 1662 1826 1749 ipsius
1870 1661 2140 1747 Collegii
2186 1683 2260 1725 ac
2294 1661 2721 1725 benefactori-

661 1777 830 1857 bus3
874 1785 951 1841 ut
978 1777 1124 1841 illos
1154 1798 1273 1840 sua
1298 1775 1703 1861 benignitate
1734 1774 2062 1838 Dominus
2092 1773 2160 1836 in
2189 1773 2384 1837 rebus
2414 1774 2717 1838 omnibus

661 1887 916 1973 dirigat,
947 1898 1012 1951 et
1044 1887 1178 1951 suis
1201 1887 1389 1950 donis
1415 1908 1671 1971 semper
1689 1896 1944 1970 augeat.
2021 1885 2274 1948 Rursus
2305 1884 2454 1948 cum
2486 1906 2565 1948 ex
2593 1886 2716 1948 hac

659 2001 792 2064 vita
828 2001 922 2063 illi
966 1999 1378 2078 excesserint,
1423 1999 1675 2063 curabit
1718 1999 1892 2062 idem
1926 1998 2323 2083 Praepositus
2358 1999 2715 2079 GeneraliS,

660 2110 773 2173 ubi
801 2109 1085 2195 primum
1127 2108 1474 2188 resciverit,
1516 2117 1592 2172 ut
1637 2130 1756 2194 per
1791 2119 1996 2172 totam
2045 2108 2434 2195 Societatem
2476 2109 2713 2194 singuli

661 2221 1040 2286 Sacerdotes
1100 2228 1199 2285 ter
1252 2221 1522 2285 Sacrum
1581 2242 1702 2306 pro
1763 2220 2101 2285 animabus
2148 2221 2405 2285 illorum
2453 2221 2711 2287 faciant.

574 2364 577 2368 ⁴
660 2333 934 2400 Quoties
976 2345 1193 2397 autem
1234 2333 1484 2405 dictum
1537 2343 1659 2413 est,
1700 2332 1942 2397 Missas
1987 2354 2125 2398 esse
2172 2357 2210 2397 a
2255 2334 2710 2399 Sacerdotibus

657 2444 1113 2524 celebrandas3
1161 2443 1397 2509 Caeteri
1429 2466 1678 2524 omnes,
1710 2442 1824 2529 qui
1869 2445 1938 2509 in
1982 2445 2289 2531 Collegiis
2333 2446 2604 2531 degunt,
2634 2467 2708 2510 ac

656 2559 1018 2623 sacerdotes
1050 2580 1183 2622 non
1215 2569 1392 2638 sunt,
1423 2559 1506 2622 ad
1536 2558 1808 2623 eandem
1847 2558 2025 2622 illam
2062 2558 2497 2622 intentionem
2528 2580 2706 2622 orare

654 2670 942 2750 debent3
1017 2670 1544 2755 quandoquidem
1605 2670 1895 2755 ejusdem
1970 2670 2384 2756 gratitudinis
2442 2670 2704 2734 nomine

652 2780 896 2864 ubique
928 2781 1300 2866 obligantur
1327 2781 1398 2843 in
1429 2781 1740 2844 Domino,

566 2897 602 2952 5
655 2890 1060 2954 Fundatores
1093 2901 1410 2975 praeterea
1457 2914 1530 2955 ac
1576 2891 2016 2955 benefactores
2064 2890 2500 2974 Collegiorum
2540 2914 2701 2972 par-

652 3000 873 3083 ticipes
932 3003 1284 3085 efficiuntur
1344 3004 1614 3065 omnium
1674 3003 1968 3066 bonorum
2027 3022 2301 3083 operum,
2361 3023 2506 3084 quae
2555 3012 2699 3098 t-um

544 3144 571 3156 ·-
647 3112 717 3173 in
758 3110 940 3195 ipsis·
963 3110 1291 3196 Collegiis,
1348 3123 1487 3176 tum
1536 3112 1606 3175 in
1658 3111 1905 3194 reliqua
1958 3110 2276 3175 Societate
2324 3110 2451 3173 Dei
2492 3113 2700 3196 gratia

649 3221 839 3285 fiunt.
1255 3217 1259 3221 ’
1408 3241 1413 3244 ’

559 3340 598 3395 6
647 3332 728 3396 In
757 3331 1132 3396 universum
1163 3343 1380 3397 autem
1411 3344 1554 3396 tum
1587 3331 2091 3411 FundatoribuS,
2122 3341 2265 3394 tum
2295 3331 2489 3395 etiam
2521 3332 2695 3418 ipso-

528 3485 533 3486 ἡ
638 3466 786 3507 rum
830 3444 1205 3508 necessariis
1250 3455 1316 3508 et
1360 3431 1576 3528 quoad
1604 3442 1855 3524 vivunt,
1886 3453 1952 3506 et
1994 3451 2342 3528 postquam
2391 3443 2692 3526 obierint,

535 3588 542 3595 ·
639 3553 1049 3640 peculiariter
1100 3578 1238 3620 sese
1286 3556 1654 3620 devinctam
1714 3577 1855 3621 esse
1918 3554 2206 3620 Societas
2250 3577 2330 3635 ex
2381 3556 2690 3620 charitate

641 3677 1008 3751 cognoscat,
1056 3678 1134 3731 ut
1192 3665 1371 3731 omni
1431 3666 1642 3729 officio
1702 3666 1858 3748 illos
1906 3668 2358 3753 prosequatur,
2419 3669 2593 3752 quod
2654 3688 2691 3730 a

639 3775 826 3841 nobis
855 3778 1151 3863 praestari
1186 3777 1378 3863 juxta
1415 3776 1752 3840 minimam
1797 3778 1967 3843 hanc
2011 3790 2314 3856 nostram,
2344 3777 2689 3865 professio-

635 3910 786 3951 nem
816 3889 900 3952 ad
930 3889 1217 3954 divinam
1246 3888 1518 3974 gloriam
1547 3887 1777 3973 possit.
