3146 5014
1299 526 1481 570 PAns
1531 528 1784 574 saxa-A.
2510 519 2591 593 79

543 689 960 755 Scholasticis
1007 689 1347 756 Societatis
1389 693 1459 756 in
1504 695 1717 758 causis
1759 695 2078 776 civilibus,
2108 698 2348 763 nedum
2381 700 2594 766 crimi-

540 803 821 882 nalibus,
879 824 947 866 se
997 806 1350 868 eoeaminari
1412 808 1586 885 (nisi,
1638 810 1747 890 qui
1806 811 1895 872 ad
1933 818 2267 892 peccatum
2317 814 2594 897 obliyare

529 921 768 995 potest,
830 915 1247 994 compelleret)
1311 916 1446 978 eine
1505 917 1760 981 licentia
1821 919 2185 1001 Superioris
2230 925 2592 1004 permittat.

545 1022 854 1108 Superior
892 1033 1110 1087 autem
1152 1045 1294 1087 eam
1341 1024 1609 1090 minime
1645 1027 1847 1108 dabit,
1890 1029 2020 1093 nisi
2061 1031 2130 1094 in
2171 1032 2403 1112 causis,
2447 1056 2593 1118 quae

544 1133 627 1197 ad
658 1133 1063 1219 Religionem
1096 1134 1499 1199 Catholicam
1528 1136 1879 1221 pertinent,
1909 1140 2013 1204 vel
2056 1141 2295 1226 alioqui
2337 1142 2406 1206 in
2446 1144 2594 1229 piis,

543 1267 690 1329 quae
731 1244 823 1308 sic
868 1245 1110 1309 cedunt
1161 1244 1230 1307 in
1270 1244 1467 1330 hujus
1519 1247 1826 1329 favorem,
1869 1258 1947 1314 ut
1982 1250 2052 1315 in
2089 1252 2352 1317 alterius
2400 1254 2596 1319 detri-

541 1366 837 1419 mentum
868 1377 1002 1420 non
1032 1356 1303 1434 cedant3
1350 1356 1894 1443 Quandoquidem
1919 1361 2216 1428 Instituti
2246 1367 2451 1430 nostri
2473 1379 2594 1448 est,

543 1467 680 1530 sine
712 1466 1098 1552 cujusquam
1129 1467 1504 1548 offensione,
1523 1481 1845 1553 quantum
1875 1473 2015 1536 fieri
2044 1486 2283 1559 potest,
2301 1477 2593 1541 omnium

542 1577 611 1639 in
642 1577 928 1642 Domino
960 1578 1319 1642 commodis
1348 1577 1679 1644 inservire.

465 1893 561 1934 DE
596 1893 935 1951 AUXILIO,
969 1893 1167 1941 QUOD
1201 1893 1717 1938 MORIENTIBUS
1754 1896 1832 1937 IN
1868 1896 2295 1956 socm'rA'rE,
2328 1899 2419 1941 ET
2451 1900 2546 1942 DE

567 2002 1026 2062 SUFFRAGHS,
1060 1990 1223 2051 ‘QUAE
1259 2004 1588 2048 MORTUIS
1623 2005 1882 2048 EADEM
1919 2007 2445 2052 PRAESTANTUR.

1320 2106 1518 2171 CAP.
1566 2107 1687 2170 IV.

457 2234 486 2289 1
542 2227 653 2290 ΠΤ
681 2226 752 2289 in
780 2227 916 2290 vita
941 2227 1264 2306 universa,
1293 2228 1388 2291 ita
1415 2240 1480 2291 et
1509 2227 1581 2291 in
1624 2239 1831 2292 morte
1876 2236 1943 2292 et
1985 2229 2193 2294 multo
2235 2231 2594 2316 impensius

539 2337 987 2420 unusquisque
1020 2336 1099 2400 de
1121 2337 1441 2401 Societate
1473 2337 1654 2418 eniti,
1678 2350 1743 2401 et
1762 2360 1983 2403 curare
2003 2340 2216 2421 debet,
2234 2352 2310 2404 ut
2331 2342 2401 2405 in
2425 2343 2594 2428 seip-

539 2469 612 2512 so
642 2448 826 2513 Deus
857 2469 931 2511 ac
963 2448 1288 2512 Dominus
1334 2461 1556 2515 noster
1598 2449 1644 2514 J
1647 2449 1878 2514 ESUS
1926 2449 2229 2515 Christus
2274 2452 2593 2537 glorifice-

542 2569 671 2638 tur,
698 2558 1034 2644 ipsiusque
1063 2558 1545 2644 beneplacitum
1576 2558 1943 2643 impleatur,
1974 2572 2041 2623 et
2083 2561 2362 2644 proximi
2391 2564 2592 2626 aedifi-

540 2681 790 2748 centur,
821 2669 1051 2733 saltem
1080 2670 1151 2733 in
1182 2670 1478 2755 exemplo
1507 2669 1862 2755 patientiae,
1893 2691 1967 2733 ac
1996 2670 2418 2751 fortitudinis,
2441 2695 2593 2737 cum

540 2780 668 2843 fide
697 2780 865 2859 viva,
895 2802 969 2843 ac
1002 2801 1140 2864 spe,
1171 2788 1237 2845 et
1267 2802 1481 2844 amore
1526 2780 1850 2844 bonorum
1892 2780 2151 2844 illorum
2180 2792 2593 2865 aeternorum,

541 2912 687 2975 quae
735 2891 924 2954 nobis
974 2890 1279 2955 Christus
1328 2890 1656 2955 Dominus
1716 2902 1939 2956 noster
1997 2904 2132 2956 tam
2190 2893 2593 2979 incompara-

538 3001 779 3065 bilibus
837 3002 989 3066 vitae
1050 3024 1186 3066 suae
1246 3002 1619 3087 temporalis
1678 3002 2030 3083 laboribus,
2077 3015 2143 3068 et
2189 3012 2396 3069 morte
2443 3028 2592 3091 pro-

539 3114 796 3193 meruit,
837 3126 902 3177 et
947 3113 1306 3198 acquisivit.
1398 3114 1569 3178 Cum
1622 3124 1842 3178 tamen
1881 3136 2172 3200 persaepe
2216 3116 2592 3202 hujusmodi

540 3224 623 3287 sit
653 3223 863 3288 morbi
902 3224 1087 3303 rati0,
1131 3236 1208 3287 ut
1237 3246 1431 3287 usum
1465 3224 1699 3288 virium
1744 3225 1977 3288 animae
2020 3247 2258 3311 magna
2287 3250 2367 3290 ex
2409 3240 2590 3313 parte

538 3336 892 3420 impediat3
956 3337 1235 3420 cumque
1275 3335 1651 3421 hujusmodi
1704 3336 1788 3399 sit
1839 3336 1945 3399 ille
1994 3336 2031 3399 a
2074 3338 2413 3421 temporali
2458 3339 2593 3403 vita

540 3446 853 3509 transitus
892 3457 969 3511 ut
1003 3457 1271 3531 propter
1321 3467 1548 3530 graves
1594 3445 2118 3529 impugnationes
2159 3447 2496 3511 Daemonis
2533 3450 2592 3531 (a

539 3577 670 3639 quo
703 3578 1109 3642 summopere
1140 3558 1335 3620 refert
1365 3568 1524 3619 tunc
1556 3577 1690 3619 non
1722 3556 2031 3640 superari)
2067 3557 2350 3641 requirat
2394 3580 2591 3643 pecu-

536 3666 678 3729 liari
725 3667 921 3730 modo
971 3667 1333 3731 subsidium
1381 3667 1680 3730 fraternae
1734 3666 2105 3746 charitatis3
2170 3669 2438 3732 sollicite
2478 3670 2591 3732 ad-

535 3788 744 3841 vertat
777 3778 1107 3863 Superior,
1137 3788 1234 3856 ut,
1265 3778 1379 3862 qui
1412 3778 1606 3862 juxta
1636 3777 1883 3840 Medici
1929 3779 2314 3842 sententiam
2349 3779 2429 3842 de
2458 3780 2592 3843 vita

535 3887 956 3971 periclitatur,
1017 3898 1365 3972 antequam
1425 3910 1552 3951 usu
1615 3886 1847 3971 judicii
1918 3886 2227 3969 privetur,
2288 3888 2589 3952 omnibus

536 3998 972 4062 Sacramentis
1022 3999 1263 4062 sanctis
1316 3998 1621 4083 acceptiS,
1675 4008 1984 4081 tanquam
2039 3999 2231 4060 armis
2285 4020 2324 4061 a
2374 3998 2591 4064 divina

532 4108 914 4174 liberalitate
977 4110 1222 4173 Christi
1283 4108 1551 4173 Domini
1613 4108 1816 4172 nostri
1877 4108 2063 4172 nobis
2116 4110 2459 4189 concessiS,
2507 4112 2591 4174 ad
