3146 5014
560 518 642 572 52

577 2709 657 2765 10

1314 528 1963 572 CONSTITUTIONUM

691 697 977 759 conferre
1038 696 1265 780 possit.
1358 695 1528 759 Sunt
1589 707 1654 758 et
1716 695 1820 758 alii
1896 696 1977 757 ad
2051 682 2466 778 particularia
2537 695 2746 759 officia

692 806 1055 871 necessarii.

696 918 915 982 Curet'
940 919 1196 995 Rector,
1241 928 1316 980 ut
1355 917 1423 980 in
1468 939 1586 980 suo
1628 917 1837 980 officio
1884 917 2116 1000 cuique
2160 916 2483 1000 integram
2527 916 2745 980 obedi—

694 1030 935 1093 entiam
967 1029 1348 1114 Collegiales
1392 1036 1747 1113 praestent3
1808 1040 1875 1091 et
1917 1028 2042 1091 alii·
2067 1027 2369 1092 officiales
2416 1028 2745 1107 Ministro,

695 1151 762 1205 et
805 1140 928 1204 sibi
979 1140 1173 1203 etiam
1224 1139 1372 1224 ipsi,
1419 1150 1616 1224 prout
1660 1139 1831 1202 idem
1876 1137 2390 1223 praescripserit..
2456 1138 2631 1200 Illud
2675 1138 2744 1201 in

693 1251 1066 1315 universum
1097 1248 1509 1314 admonuisse
1541 1249 1844 1312 convenit
1869 1274 1886 1327 3
1932 1270 2064 1327 eos,
2085 1249 2199 1332 qui
2230 1270 2451 1311 curam
2474 1248 2745 1312 aliorum

696 1384 831 1426 suae
877 1360 1260 1426 obedientiae
1304 1358 1716 1423 subditorum
1760 1359 2028 1437 habent,
2072 1359 2302 1444 praeire
2348 1350 2591 1422 eisdem
2637 1381 2748 1422 ex-

696 1472 911 1558 emplo
956 1472 1361 1551 obedientiae,
1407 1493 1604 1556 quam
1651 1472 1784 1534 suis
1833 1470 2288 1556 Superioribus
2337 1471 2575 1533 Christi
2611 1472 2746 1534 loco

696 1584 956 1669 ipsimet
984 1594 1321 1669 praestent,
1352 1595 1669 1668 oportere.

695 1694 804 1757 Ad
833 1695 1050 1758 omnia
1080 1695 1367 1759 conferet
1396 1693 1707 1779 temporis
1737 1694 1896 1756 ordo
1926 1693 1996 1755 in
2039 1692 2295 1772 studiis,
2326 1692 2747 1774 orationibus,

697 1805 934 1884 missis,
962 1800 1372 1885 lectionibus,
1403 1805 1570 1884 cibo,
1604 1826 1853 1882 somno,
1885 1815 1950 1867 et
1989 1804 2057 1866 in
2102 1803 2366 1887 reliquis
2414 1815 2703 1867 servatus
2727 1829 2746 1883 3

698 1929 763 1980 et
812 1917 1071 2002 signum
1120 1916 1491 1980 constitutis
1546 1916 1721 1979 horis
1772 1915 1998 1994 detur3
2062 1937 2193 1999 quo
2254 1914 2474 1979 audito
2522 1936 2747 1980 omnes

701 2008 918 2092 statim
957 2028 1060 2091 vel
1097 2028 1468 2109 imperfecta
1518 2030 1736 2090 littera
1780 2029 2002 2091 relicta
2047 2027 2130 2090 ad
2172 2027 2263 2106 id,
2294 2027 2378 2089 ad
2421 2028 2598 2110 quod
2636 2050 2748 2091 vo-

700 2140 952 2217 cantur,
998 2161 1067 2203 se
1114 2139 1466 2202 conferant.
1559 2138 1705 2201 Erit
1749 2145 1966 2202 autem
2010 2161 2214 2224 penes
2246 2139 2609 2219 Rectorem,
2648 2140 2752 2203 vel

701 2271 881 2328 eum,
925 2249 1038 2333 qui
1088 2249 1328 2334 primas
1378 2249 1647 2329 tenebit,
1695 2249 1765 2312 id
1799 2271 2015 2329 curae3
2078 2261 2153 2313 ut
2203 2250 2440 2328 videat,
2489 2251 2749 2334 quando
2829 2258 2871 2275 ·“

699 2362 803 2423 hae
842 2361 1019 2424 horae
1070 2383 1190 2446 pro
1239 2371 1630 2446 temporum,
1681 2361 1785 2425 vel
1837 2361 2107 2424 aliarum
2148 2383 2486 2425 causarum
2526 2383 2751 2425 occur-

701 2478 983 2544 rentium
1026 2478 1274 2543 ratione
1318 2478 1651 2543 mutandae
1697 2464 1871 2558 sint3
1924 2488 1990 2543 et
2027 2479 2204 2562 quod
2246 2477 2385 2564 ipse
2433 2477 2749 2558 statuerit,

701 2590 1093 2654 observetur.

702 2703 940 2764 Rector
982 2701 1122 2786 ipse
1172 2700 1407 2784 legere,
1460 2711 1572 2763 aut
1627 2699 1853 2764 docere
1906 2700 2345 2764 Christianam
2391 2698 2748 2763 doctrinam

702 2812 1128 2896 quadraginta
1173 2811 1308 2873 dies
1355 2811 1567 2875 debet.
1658 2811 1891 2875 Videat
1939 2812 2154 2891 etiam,
2201 2812 2312 2895 qui
2358 2834 2438 2874 ex
2471 2809 2751 2894 Collegi-

704 2922 933 3001 alibus,
964 2933 1029 2986 et
1059 2922 1142 2985 ad
1172 2944 1365 3005 quem
1395 2944 1602 3006 usque
1633 2923 1906 2987 limitem
1937 2923 2115 2986 domi
2159 2934 2224 2987 et
2268 2922 2423 2986 foris
2454 2921 2522 2984 in
2555 2920 2753 2985 collo-

705 3033 897 3117 quiis,
946 3033 1386 3118 spiritualibus
1447 3034 1765 3098 exercitiis
1826 3033 2178 3112 tradendis,
2239 3032 2752 3096 confessionibus

705 3143 1063 3223 audiendis,
1093 3155 1236 3207 tum
1266 3143 1461 3207 etiam
1491 3145 1560 3207 in
1593 3143 2035 3223 concionibuS,
2066 3143 2168 3207 vel
2211 3141 2621 3221 lectionibus,
2651 3142 2756 3207 vel

706 3255 999 3319 doctrina
1053 3256 1421 3320 Christiana
1472 3255 1786 3319 tradenda
1830 3255 2069 3340 partim
2107 3255 2190 3317 ad
2231 3254 2523 3338 ipsorum
2575 3275 2754 3318 exer·
2811 3301 2814 3302 ν

704 3366 1076 3430 citationem
1123 3366 1469 3452 (praecipue
1520 3365 1642 3429 sub
1695 3366 1895 3428 finem
1949 3364 2334 3446 studiorum)
2384 3363 2622 3449 partim
2669 3363 2752 3428 ob

706 3477 976 3540 aliorum
1007 3478 1529 3557 domesticorum,
1558 3477 1663 3542 vel
1705 3488 2124 3542 externorum
2166 3477 2454 3540 fructum
2500 3475 2638 3538 aliis
2685 3497 2756 3538 se

706 3588 1181 3652 communicare
1242 3587 1560 3651 debeant:
1638 3599 1704 3652 et
1761 3587 1832 3652 in
1892 3588 2195 3653 omnibus
2257 3588 2433 3673 quod
2485 3585 2754 3650 senserit

708 3697 943 3763 divinae
983 3721 1056 3763 ac
1105 3721 1376 3764 summae
1423 3699 1700 3763 bonitati
1751 3700 2021 3785 gratiuS,
2074 3712 2139 3766 et
2192 3701 2276 3764 ad
2318 3700 2523 3785 ipsius
2556 3688 2753 3761 -obsess

706 3809 933 3893 quium
981 3833 1054 3875 ac
1114 3811 1382 3897 gloriam
1442 3808 1773 3895 majorem,
1835 3810 2138 3876 omnibus
2196 3809 2556 3896 perpensis,
2602 3830 2752 3894 pro-

706 3922 939 3986 videat.
2355 3925 2360 3930 ’
