3146 5014
581 507 665 562 54
1331 522 1986 569 consa-momontum

713 687 1075 751 studiorum
1104 689 1318 753 favore
1350 711 1491 769 suo,
1532 690 1893 774 praesertim
1939 712 2089 754 cum
2134 710 2173 752 a
2205 690 2480 754 Rectore
2525 691 2767 755 fuerint

711 800 1201 879 commendatae,
1231 823 1631 885 promovere.

738 1089 833 1133 DE
869 1090 1251 1151 SGIENTHS,
1286 1093 1450 1140 QUAE
1484 1093 1906 1136 TRADENDAE
1942 1093 2129 1137 SUNT
2165 1094 2244 1137 IN
2280 1094 2601 1137 UNIVER-

1239 1204 1624 1247 SITATIBUS
1661 1203 2106 1247 SOCIETA'I'IS.

1464 1305 1660 1370 CAP.
1706 1306 1872 1369 XII.

622 1435 650 1488 1
706 1428 874 1492 CUM
911 1428 1250 1493 Societatis
1281 1437 1474 1513 atque
1507 1430 1870 1494 studiorum
1911 1451 2147 1514 scopus
2180 1429 2284 1508 sit,
2314 1429 2642 1514 proximos
2674 1431 2759 1493 ad

702 1540 1140 1625 cognitionem
1192 1552 1259 1605 et
1318 1563 1602 1606 amorem
1650 1542 1799 1620 Dei,
1852 1549 1918 1604 et
1970 1542 2243 1605 salutem
2305 1563 2569 1604 suarum
2618 1542 2757 1605 ani-

700 1673 954 1714 marum
987 1650 1214 1735 juvare
1238 1677 1258 1732 3
1304 1674 1583 1738 cumque
1614 1653 1697 1716 ad
1726 1675 1876 1716 eum
1906 1634 2106 1716 finem
2150 1651 2436 1715 medium
2476 1652 2755 1716 maxime

698 1763 1035 1848 proprium
1084 1763 1169 1828 sit
1219 1764 1491 1827 facultas
1543 1762 1952 1847 Theologiae:
2020 1763 2089 1825 in
2131 1763 2298 1826 hanc
2339 1763 2753 1847 potissimum

701 1874 1040 1938 Societatis
1095 1874 1565 1939 Universitates
1616 1873 2041 1953 incumbent3
2110 1896 2184 1937 ac
2244 1873 2587 1958 diligenter
2635 1896 2753 1959 per

697 1962 965 2053 idoneos
1019 1988 1368 2052 admodum
1424 1989 1882 2072 praeceptores,
1942 2010 2089 2071 quae
2150 1989 2233 2052 ad
2282 1988 2752 2053 scholasticam

698 2097 1082 2176 doctrinam,
1121 2109 1188 2162 et
1232 2120 1443 2162 sacras
1490 2098 1857 2183 Scripturas
1900 2098 2253 2184 pertinent,
2307 2121 2380 2162 ac
2433 2099 2626 2163 etiam
2672 2122 2752 2163 ex

701 2209 985 2275 Positiva
1014 2231 1161 2293 quae
1193 2211 1276 2273 ad
1304 2211 1481 2275 hunc
1510 2211 1711 2275 finem
1741 2211 1930 2275 nobis
1969 2212 2311 2296 praefixum
2356 2210 2750 2275 conveniunt

700 2321 857 2402 (non
888 2320 1268 2405 attingendo
1313 2331 1532 2385 tamen
1577 2342 1720 2384 eam
1748 2328 2002 2406 partem
2036 2322 2402 2401 Canonum‚
2433 2343 2577 2406 quae
2608 2322 2747 2386 foro

694 2431 1100 2495 contentioso
1129 2431 1418 2516 inservit)
1455 2431 1967 2517 pertractabunt.

608 2550 645 2606 2
695 2544 784 2608 Et
815 2544 966 2628 quia
995 2555 1130 2608 tam
1162 2543 1459 2610 doctrina
1486 2544 1879 2628 Theologiae‚
1921 2544 2116 2627 quam
2161 2544 2300 2628 ejus
2345 2565 2502 2607 usus
2546 2544 2746 2628 exigit

697 2655 823 2738 (his
866 2656 1228 2740 praesertim
1272 2654 1699 2740 temporibus)
1748 2654 2110 2718 litterarum
2152 2654 2635 2733 humaniorum,
2678 2666 2744 2718 et

691 2767 945 2829 Latinae
998 2789 1072 2830 ac
1129 2767 1401 2845 Graecae,
1461 2779 1526 2830 et
1582 2767 1924 2831 Hebraicae
1970 2767 2215 2851 linguae
2268 2767 2740 2852 cognitionem:

688 2877 923 2940 harum
953 2877 1147 2942 etiam
1177 2878 1394 2942 idonei
1428 2878 1828 2942 Professores
1859 2890 1925 2943 et
1955 2878 2218 2963 quidem
2252 2878 2436 2962 justo
2472 2901 2742 2944 numero

690 2988 1190 3054 constituentur.
1278 2989 1571 3053 Aliarum
1617 3001 1928 3074 praeterea
1970 2988 2363 3072 linguarum,
2393 2990 2603 3072 qualis
2643 3002 2741 3054 est

689 3098 1012 3178 Caldaica,
1056 3099 1353 3179 Arabica,
1397 3112 1463 3164 et
1504 3100 1754 3179 Indica,
1807 3100 1922 3164 ubi
1980 3098 2358 3163 necessariae
2401 3100 2505 3163 vel
2548 3101 2740 3165 utiles

686 3211 770 3274 ad
829 3210 1076 3275 dictum
1137 3212 1336 3275 finem
1394 3211 1788 3290 viderentur,
1855 3210 2076 3275 habita
2131 3210 2473 3294 regionum
2534 3212 2740 3277 diver-

688 3344 928 3401 sarum,
978 3330 1044 3385 et
1104 3344 1466 3402 causarum,
1526 3343 1675 3406 quae
1723 3322 1807 3385 ad
1857 3343 1965 3384 eas
2026 3321 2393 3385 docendum
2451 3334 2738 3402 movent,

683 3433 953 3513 ratione,
982 3447 1247 3518 possent
1288 3435 1725 3518 Praeceptores
1756 3431 2085 3496 constitui.

595 3551 634 3608 3
686 3544 793 3607 Sic
824 3544 1018 3608 etiam
1059 3546 1365 3628 quoniam
1396 3546 1613 3623 Artes,
1642 3545 1747 3609 vel
1778 3543 2078 3608 Scientiae
2118 3544 2442 3614 naturales
2478 3543 2738 3629 ingenia

683 3654 1042 3739 disponunt
1073 3656 1156 3719 ad
1183 3654 1626 3738 Theologiam,
1664 3666 1729 3717 et
1775 3656 1858 3718 ad
1899 3656 2252 3739 perfectam
2300 3654 2733 3739 cognitionem

682 3780 748 3833 et
778 3791 971 3833 usum
1000 3769 1173 3832 illius
1203 3767 1585 3845 inserviunt,
1604 3777 1670 3830 et
1698 3789 1816 3851 per
1847 3768 2090 3852 seipsas
2122 3769 2206 3831 ad
2234 3769 2513 3831 eundem
2536 3768 2731 3829 finem

669 3883 956 3966 juvant3
1024 3904 1153 3966 qua
1182 3879 1540 3965 'diligentia
1589 3900 1708 3963 par
1759 3891 1879 3958 est,
1929 3892 1993 3943 et
2043 3903 2161 3966 per
2220 3881 2508 3944 eruditos
2562 3881 2734 3943 Prae-

682 4005 994 4077 ceptoreS‚
1042 3991 1111 4054 in
1159 3991 1463 4054 omnibus
1518 4012 1784 4075 syncere
1830 3992 2142 4056 honorem
2186 4002 2252 4055 et
2296 3991 2564 4076 gloriam
2607 3990 2735 4054 Dei

679 4104 1049 4188 quaerend0‚
1080 4113 1457 4166 tractentur.
1545 4113 1559 4128 ’
