3146 5014
1225 516 1409 559 PARs
1457 516 1802 561 SEPTIMA.
2520 504 2603 579 87

551 703 620 747 se
651 703 787 746 non
819 682 1165 747 obtrudere
1197 683 1441 747 directe
1469 684 1577 748 vel
1605 682 1918 749 indirecte
1950 684 2034 748 ad
2078 685 2180 748 sui
2208 685 2607 769 missionem,

551 795 685 859 sive
717 816 757 858 a
786 816 1044 858 summo
1077 794 1416 874 Pontifice,
1450 794 1583 859 sive
1615 818 1654 859 a
1699 817 1816 859 suo
1852 796 2195 881 Superiore
2230 797 2311 860 ln
2343 799 2606 863 nomine

552 906 824 970 Domini
868 906 1078 970 nostri
1120 907 1349 971 JESU
1398 906 1649 971 Christi
1691 908 2079 972 mittanturz
2127 909 2242 993 qui
2271 920 2490 973 tamen
2522 912 2605 974 ad

554 1021 886 1105 regionem
931 1021 1214 1105 aliquam
1258 1042 1563 1105 magnam
1616 997 2006 1106 (cujusmodi
2049 1033 2219 1086 esset
2265 1023 2476 1103 India,
2505 1024 2610 1087 vel

556 1132 696 1195 aliae
731 1131 1110 1215 Provinciae)
1145 1131 1385 1196 missus
1417 1143 1537 1212 est,
1569 1132 1625 1196 si
1667 1154 1818 1217 pars
1859 1132 1999 1216 ejus
2043 1133 2259 1218 aliqua
2299 1134 2619 1219 peculiari⁸

553 1242 937 1308 limitatione
961 1243 1020 1306 ei
1050 1244 1378 1328 assignata
1406 1264 1541 1307 non
1569 1244 1785 1323 fuerit,
1803 1255 2022 1329 potest
2049 1245 2280 1331 magiS,
2299 1256 2364 1309 et
2389 1247 2608 1310 minus

552 1355 622 1419 in
651 1356 799 1434 hoc,
829 1356 933 1419 vel
960 1355 1031 1418 in
1059 1354 1170 1419 illo
1198 1356 1341 1419 loco
1380 1354 1732 1434 immorari,
1763 1368 1877 1419 aut
1920 1356 2274 1421 discurrere
2321 1379 2609 1441 quacun-

554 1489 681 1551 que
712 1466 1016 1530 omnibus
1047 1467 1384 1552 perpensis
1421 1467 1513 1549 (in
1544 1489 1635 1548 se,
1666 1467 1843 1552 quod
1873 1468 1959 1530 ad
1988 1468 2390 1532 voluntatem
2421 1491 2605 1532 suam

555 1579 810 1658 attinet,
840 1579 1339 1643 indifferentiam
1372 1580 1736 1662 sentiendo)
1773 1591 1838 1643 et
1869 1580 2156 1644 oratione
2200 1580 2392 1660 facta,
2425 1579 2607 1665 judi-

555 1698 793 1754 caverit
847 1690 931 1753 ad
982 1690 1109 1753 Dei
1157 1690 1428 1775 gloriam
1480 1690 1690 1775 magis
1744 1690 2067 1774 expedire.
2160 1691 2337 1753 Hinc
2391 1691 2606 1775 colligi

549 1802 736 1865 facile
765 1812 1022 1887 potest3
1065 1802 1263 1886 quod,
1297 1801 1352 1864 si
1380 1801 1650 1886 privatis
1680 1802 1749 1864 id
1776 1802 1949 1880 licet,
1978 1801 2206 1886 primae
2237 1812 2303 1866 et
2333 1824 2605 1866 summae

553 1915 937 1978 obedientiae
987 1914 1225 1978 summi
1276 1914 1612 1977 Pontificis
1672 1935 1806 1976 non
1864 1913 2290 1998 repugnando
2314 1939 2332 1992 3
2398 1913 2607 1978 multo

553 2025 760 2111 magis
790 2026 860 2089 in
890 2024 1267 2110 hujusmodi
1296 2023 1714 2087 missionibus
1748 2023 2077 2109 Superiori
2122 2024 2204 2087 ad
2247 2025 2416 2088 hanc
2460 2047 2609 2109 par-

551 2145 686 2201 tem
720 2136 963 2222 potiuS,
1016 2158 1212 2220 quam
1266 2137 1350 2198 ad
1396 2136 1596 2217 illam,
1636 2146 1834 2221 prout
1880 2136 1949 2199 in
1999 2136 2288 2200 Domino
2335 2137 2608 2201 senserit

553 2250 917 2326 convenire,
950 2248 1210 2313 eosdem
1242 2245 1515 2331 dirigere
1546 2247 1788 2311 licebit.

468 2368 506 2424 2
556 2360 950 2443 Ubicunque
998 2359 1144 2443 quis
1204 2369 1486 2436 maneat,
1541 2359 1596 2421 si
1655 2380 1790 2421 non
1843 2371 1943 2421 est
1995 2358 2054 2421 ei
2098 2358 2490 2442 injunctum,
2535 2366 2612 2421 ut

552 2473 766 2538 medio
816 2472 1032 2557 aliquo
1090 2470 1366 2535 limitato
1426 2477 1670 2550 utatur,
1731 2470 1919 2554 quale
1973 2481 2167 2549 esset,
2225 2470 2460 2555 legere,
2507 2471 2613 2535 vel

553 2585 925 2670 praedicare,
961 2583 1032 2646 in
1072 2605 1147 2648 eo
1201 2605 1268 2646 se
1322 2582 1645 2646 exercebit
1689 2604 1769 2644 ex
1811 2581 1913 2659 iis,
1959 2581 2197 2664 quibus
2242 2582 2453 2643 utitur
2493 2581 2612 2644 So-

555 2696 751 2760 cietas
782 2697 851 2759 in
883 2705 1064 2759 sexta
1102 2705 1285 2779 parte
1332 2693 1544 2773 dictis,
1591 2702 1657 2756 et
1699 2692 1994 2777 proximo
2042 2692 2253 2776 capite
2297 2691 2612 2771 dicendis,

556 2808 732 2893 quod
760 2806 968 2892 magis
1001 2805 1342 2870 convenire
1378 2804 1723 2890 judicabit,
1754 2812 1820 2868 et
1865 2805 2111 2883 contra,
2142 2804 2318 2889 quod
2361 2803 2454 2867 ibi
2499 2804 2611 2867 de-

554 2922 893 2986 vitandum
924 2920 1182 2998 dicitur,
1212 2919 1294 2982 ad
1324 2917 1534 3003 majus
1566 2917 1694 2981 Dei
1725 2917 2109 3002 obsequium
2139 2918 2335 2981 etiam
2366 2917 2611 2982 devita-

555 3033 671 3098 bit.

545 3316 816 3365 QUIBUS
853 3316 932 3358 IN
968 3315 1206 3357 REBUS
1241 3311 1490 3355 DOMUS
1527 3310 1618 3352 ΕΤ
1652 3305 2026 3351 COLLEGIA
2061 3305 2483 3349 socm'rA'rIs

1092 3423 1491 3468 PROXIMUM
1527 3417 1945 3463 ADJUVENT.

1334 3524 1531 3589 CAP.
1581 3522 1700 3585 IV.

471 3660 502 3716 1
557 3652 758 3718 QUIA
790 3673 926 3715 non
958 3650 1169 3714 solum
1200 3647 1470 3711 enititur
1497 3643 1785 3709 Societas
1831 3639 2253 3704 discurrendo
2290 3663 2407 3725 per
2435 3641 2610 3705 varia

551 3764 713 3844 loca,
745 3763 861 3828 sed
889 3763 1083 3827 etiam
1128 3761 1197 3823 in
1243 3759 1636 3845 quibusdam
1680 3753 2092 3818 continenter
2133 3752 2475 3815 residendo
2512 3755 2610 3836 (ut

550 3877 764 3941 videre
810 3884 911 3941 est
953 3874 1023 3938 in
1070 3872 1394 3950 domibuS‚
1438 3870 1541 3935 vel
1596 3865 1903 3951 collegiis)
1955 3862 2285 3947 proximos
2342 3862 2609 3948 juvare:

551 4010 764 4073 operae
823 3986 1108 4072 pretium
1141 3974 1269 4048 'est
1335 3979 1749 4056 intellexisse,
1802 3973 2039 4061 quibus
2092 3974 2302 4075 modis
2355 3975 2611 4059 possint

549 4101 784 4166 animae
828 4101 897 4165 in
949 4096 1328 4185 hujusmodi
1374 4094 1534 4159 locis
1588 4090 1843 4178 juvari3
1910 4098 1986 4152 ut
2021 4109 2245 4152 eorum
2290 4111 2440 4174 pars
2481 4089 2611 4170 illa,

549 4237 696 4300 quae
727 4214 987 4300 poterit,
1020 4213 1102 4278 ad
1131 4210 1401 4298 gloriam
1432 4207 1560 4272 Dei
1592 4210 1982 4270 exerceatur.

1461 4342 1505 4385 o
1537 4328 1576 4383 2
