3146 5014
1242 520 1425 565 PAus
1474 521 1772 566 ΤΕΜἿΑ.
2365 546 2370 553 -
2469 510 2596 569 ’29

536 705 653 767 pro
684 686 905 766 regula
940 704 1066 747 suae
1103 685 1446 749 voluntatis
1489 692 1553 748 et
1588 687 1870 766 jndicii,·
1936 707 2065 769 quo
2089 685 2398 753 'exactius
2442 662 2625 751 con-⁵

537 798 901 863 formentur
942 797 1166 883 primae
1212 819 1286 862 ac
1328 819 1600 863 summae
1635 798 1874 884 regulae
1905 799 2117 865 omnis
2146 798 2337 865 bonae
2365 800 2598 865 volun-

540 911 696 976 tatis
727 922 792 975 et
826 909 1079 995 judicii,
1111 933 1256 995 quae
1288 919 1387 975 est
1415 922 1660 975 aeterna
1687 910 1968 990 bonitas,
1999 922 2065 975 et
2096 912 2435 997 sapientia.

406 1029 495 1085 24·
541 1023 632 1085 Et
677 1035 751 1086 ut
801 1021 1010 1106 magis
1057 1021 1127 1084 in
1178 1022 1586 1087 Obedientiae
1632 1023 1870 1086 virtute
1922 1034 2006 1086 se'
2041 1034 2403 1105 exerceant,
2443 1046 2598 1088 con-

540 1135 737 1213 venit,
781 1135 915 1197 imo
961 1133 1157 1198 etiam
1197 1134 1635 1199 necessarium
1681 1145 1801 1213 est,
1846 1145 1922 1199 ut
1964 1157 2098 1199 non
2144 1136 2355 1200 solum
2389 1137 2597 1221 Supe-

539 1246 690 1310 riori
720 1245 925 1313 totius
957 1246 1298 1312 Societatis
1341 1247 1445 1311 vel
1487 1249 1744 1326 domus,
1776 1247 1891 1311 sed
1934 1247 2128 1311 etiam
2158 1249 2598 1314 subordinatis

538 1357 875 1436 ministris,
931 1359 1043 1441 qui
1106 1380 1185 1421 ex
1246 1358 1356 1422 illo
1417 1358 1876 1423 authoritatem
1922 1371 2332 1444 acceperunt,
2389 1361 2459 1424 in
2519 1361 2597 1424 iis

542 1469 867 1548 omnibus,
925 1469 995 1533 in
1056 1470 1294 1554 quibus
1366 1481 1757 1554 potestatem
1816 1470 2084 1551 habent,
2144 1472 2471 1552 obediant,
2531 1484 2597 1537 et

541 1592 915 1646 assuescant
959 1605 1093 1645 non
1144 1581 1405 1661 intueri,
1453 1583 1599 1666 quis
1647 1583 1752 1646 ille
1807 1583 1911 1661 sit,
1954 1584 2059 1646 cui
2104 1584 2439 1663 obediunt,
2483 1585 2598 1648 sed

539 1692 758 1777 potius
790 1692 934 1776 quis
964 1693 1094 1773 ille,
1122 1705 1391 1779 propter
1419 1715 1615 1777 quem
1655 1694 1990 1772 obediunt,
2020 1694 2132 1777 qui
2163 1706 2262 1758 est
2294 1695 2596 1759 Christus

546 1805 889 1869 Dominus·

408 1922 490 1977 25
544 1915 838 2001 Diligant,
868 1938 1093 1980 omnes
1128 1917 1606 2001 Paupertatem,
1637 1926 1712 1979 ut
1741 1926 2037 1993 matrem,
2082 1925 2146 1978 et
2181 1914 2374 1999 juxta
2414 1937 2596 1979 men-

539 2049 755 2091 suram
788 2038 1028 2091 sanctae
1070 2026 1474 2091 discretionis
1520 2026 1654 2090 suis
1701 2026 2101 2112 temporibus
2146 2024 2285 2110 ejus
2330 2026 2596 2090 effectus

538 2139 789 2223 aliquos
821 2139 1270 2224 experiantur3
1315 2148 1402 2217 et,
1431 2148 1509 2201 ut
1536 2138 1608 2201 in
1639 2137 1956 2201 Examine
2001 2137 2249 2202 dictum
2296 2148 2417 2217 est,
2447 2151 2597 2222 post

538 2250 824 2336 primum
857 2272 1102 2314 annum
1134 2261 1431 2314 exactum
1461 2251 1669 2334 parati
1715 2251 1848 2314 sint
1893 2252 1975 2314 ad
2020 2251 2399 2336 temporalia
2426 2250 2599 2315 bona

541 2364 1009 2443 distribuenda,
1058 2364 1578 2448 quandocunque
1632 2387 1670 2428 a
1720 2365 2061 2450 Superiore
2113 2364 2483 2449 injunctum
2528 2364 2598 2427 id

540 2474 756 2557 fuerit,
803 2489 867 2540 et
913 2498 988 2541 ea
1030 2476 1277 2541 ratione
1324 2488 1594 2555 servata,
1626 2497 1771 2561 quae
1816 2476 1884 2539 in
1918 2475 2234 2540 Examine
2264 2475 2597 2561 proposita

533 2586 677 2651 fuit.

414 2705 497 2762 26
545 2699 796 2762 Omnes
849 2698 1273 2763 rectissimam
1326 2699 1561 2763 habere
1610 2698 2039 2762 intentionem
2087 2719 2220 2761 non
2269 2696 2478 2761 solum
2526 2697 2595 2761 in

542 2823 717 2875 statu
746 2811 921 2890 vitae,
952 2811 1174 2874 verum
1206 2811 1400 2875 etiam
1430 2811 1499 2874 in
1530 2810 1725 2875 rebus
1757 2810 2061 2874 omnibus
2100 2809 2594 2895 particularibus

535 2922 895 3001 enitantur,
925 2922 994 2985 id
1024 2944 1278 3006 semper
1307 2922 1375 2985 in
1408 2921 1499 2986 eis
1532 2922 1801 3007 syncere
1832 2932 2224 3006 spectanteS,
2255 2932 2329 2984 ut
2360 2921 2594 2985 servire

539 3046 604 3097 et
648 3033 899 3118 placere
950 3033 1185 3098 divinae
1243 3033 1516 3097 bonitati
1567 3044 1836 3119 propter
1888 3032 2164 3117 seipsam
2218 3042 2283 3095 et
2328 3042 2595 3116 propter

539 3146 942 3223 charitatem,
995 3157 1061 3208 et
1120 3145 1353 3208 eximia
1412 3144 1745 3225 beneficia,
1806 3144 2043 3228 quibus
2102 3142 2414 3230 praevenit
2474 3165 2593 3207 nos

539 3257 779 3341 potiuS,
821 3278 1016 3340 quam
1066 3257 1362 3321 timorem
1402 3279 1764 3342 poenarum,
1808 3257 1912 3320 vel
1956 3279 2139 3341 spem
2178 3255 2591 3340 praemiorum

545 3368 861 3450 (quamvis
922 3367 1075 3431 hinc
1137 3367 1331 3431 etiam
1382 3367 1598 3452 juvari
1659 3367 1959 3449 debeant)
2025 3379 2100 3430 ut
2159 3367 2226 3429 in
2287 3366 2591 3429 omnibus

543 3486 834 3561 quaerant
863 3480 1104 3558 Deum,
1136 3493 1445 3544 exuentes
1478 3502 1566 3559 se,
1592 3479 1909 3562 quantum
1940 3478 2077 3542 fieri
2107 3487 2344 3563 potest,
2377 3498 2591 3540 amore

542 3590 834 3654 omnium
864 3603 1332 3669 creaturarum3
1364 3604 1439 3655 ut
1470 3591 1774 3655 affectum
1806 3591 2180 3654 universum
2211 3589 2280 3654 in
2303 3589 2591 3674 ipsarum

543 3701 911 3767 Creatorem
944 3704 1300 3783 conserant,
1332 3725 1483 3767 eum
1513 3703 1582 3767 in
1607 3703 1908 3769 omnibus
1941 3701 2238 3779 amando,
2270 3713 2336 3764 et
2366 3723 2591 3764 omnes

362 3898 368 3904 .
537 3814 605 3877 in
637 3836 711 3878 eo
748 3814 939 3898 juxta
969 3815 1442 3879 sanctissimam
1474 3838 1547 3880 ac
1579 3817 1863 3880 divinam
1894 3813 2098 3896 ipsius
2119 3811 2552 3880 voluntatem.

406 3927 489 4000 27
538 3926 866 4005 Studium,
898 3927 966 3990 in
999 3928 1176 4011 quod
1219 3927 1600 4012 incumbent
1646 3925 1758 4009 qui
1802 3925 1871 3990 in
1917 3922 2217 3986 domibus
2249 3921 2590 3985 Societatis

536 4036 916 4120 probantur,
970 4038 1040 4101 id
1086 4060 1225 4102 esse
1279 4038 1492 4116 debet,
1542 4036 1722 4121 quod
1769 4058 1878 4101 eos
1919 4034 2126 4119 magis
2165 4033 2248 4096 ad
2297 4033 2592 4117 superius

538 4147 776 4211 dictam
818 4148 1318 4234 abnegationem
1363 4149 1483 4228 sui,
1529 4160 1595 4212 et
1640 4149 1708 4212 in
1753 4146 2103 4216 virtutibus
2148 4166 2222 4209 ac
2253 4145 2592 4209 devotione

538 4261 902 4343 profectum
956 4261 1233 4345 juvabit.
1328 4261 1557 4327 Studia
1601 4261 1751 4325 vero
1795 4260 2176 4337 litterarum,
2225 4259 2293 4322 in
2338 4258 2595 4321 univer-
