3146 5014
499 480 577 553 72
1243 498 1896 543 CONSTITUTIONUM

620 667 830 745 priam
858 667 1239 727 voluntatem
1269 686 1344 727 ac
1370 666 1687 745 judicium
1718 667 2031 728 diversum
2076 663 2406 740 sectandO,
2438 662 2674 726 divinae

622 774 942 838 voluntati
971 773 1411 858 respondebit.

539 894 576 950 2
625 885 953 950 Omnibus
982 885 1208 949 itidem
1238 886 1517 949 maxime
1563 886 2090 949 commendatum
2136 885 2244 963 sit,
2272 896 2348 947 ut
2392 884 2672 948 multum

622 996 994 1060 reverentiae
1053 998 1141 1079 (et
1188 997 1514 1082 praecipue
1560 997 1631 1060 in
1681 997 1968 1060 interiori
2015 996 2299 1079 homine)
2366 995 2500 1059 suis
2549 996 2672 1060 Su-

619 1106 979 1191 perioribus
1025 1107 1392 1185 exhibeant,
1435 1108 1737 1171 JESUM
1789 1109 2108 1171 Christum
2149 1110 2217 1170 in
2261 1108 2489 1170 eisdem
2518 1129 2671 1169 con-

624 1218 928 1296 siderent,
959 1239 1033 1280 ac
1064 1229 1496 1297 revereantur,
1542 1218 1804 1281 eosdem
1850 1241 1929 1281 ex
1974 1218 2189 1280 animo
2233 1228 2311 1281 ut
2354 1224 2570 1301 patres
2601 1217 2668 1279 in

623 1329 847 1391 eodem
902 1328 1197 1412 diligant,
1242 1349 1316 1391 ac
1359 1328 1450 1390 sic
1494 1328 1563 1390 in
1610 1328 1843 1413 spiritu
1888 1326 2219 1392 charitatis
2254 1327 2323 1389 in
2368 1326 2670 1390 omnibus

621 1440 1018 1522 procedant3
1064 1450 1137 1501 ut
1168 1439 1333 1500 nihil
1362 1461 1441 1501 ex
1479 1439 1762 1502 externis
1804 1438 1908 1502 vel
1951 1438 2224 1502 internis
2268 1460 2377 1502 eos
2423 1438 2671 1516 celent3

622 1550 781 1634 quin
811 1551 1053 1635 potius,
1085 1557 1161 1612 ut
1190 1549 1410 1613 omnia
1436 1571 1703 1634 prorsus
1734 1549 2123 1634 intelligant,
2154 1551 2284 1633 quo
2328 1549 2559 1612 melius
2602 1549 2671 1611 in

617 1661 721 1725 via
752 1661 976 1725 salutis
1008 1673 1072 1724 et
1101 1661 1513 1746 perfectionis
1546 1683 1613 1724 se
1644 1661 1948 1746 dirigant,
1980 1673 2201 1746 optare
2233 1661 2492 1724 debent.
2581 1660 2671 1724 Et

616 1793 695 1835 ea
753 1772 831 1836 de
893 1793 1086 1835 causa
1145 1794 1370 1835 omnes
1428 1779 1564 1834 tam
1616 1772 1918 1852 Professi,
1979 1773 2173 1855 quam
2232 1771 2490 1834 formati
2543 1770 2671 1834 Co-

617 1884 945 1981 adjutores
985 1886 1184 1948 semel
1232 1884 1503 1969 singulis
1556 1885 1743 1948 annis
1803 1885 1892 1968 (et
1928 1885 2188 1970 saepiuS,
2242 1884 2296 1948 si
2343 1884 2672 1968 Superiori

615 1995 829 2059 visum
875 1995 1091 2076 fuerit)
1151 1996 1233 2058 ad
1292 2017 1441 2058 suas
1503 1996 1930 2059 conscientias
1977 1996 2046 2059 in
2098 1996 2522 2074 confessione,
2568 1996 2672 2059 vel

619 2108 889 2185 secreto,
919 2107 1020 2170 vel
1049 2107 1173 2169 alia
1214 2107 1462 2170 ratione
1508 2107 1717 2170 eidem
1762 2107 2139 2191 aperiendas
2182 2119 2447 2193 propter
2489 2128 2669 2191 mag-

619 2240 770 2280 nam
802 2217 940 2301 ejus
971 2217 1063 2280 rei
1093 2217 1439 2281 utilitatem
1465 2218 1563 2299 (ut
1591 2217 1660 2280 in
1685 2218 2003 2281 Examine
2036 2218 2286 2281 dictum
2316 2218 2436 2300 est)
2464 2217 2670 2302 parati

616 2350 756 2391 esse
807 2328 1160 2407 debebunt,
1209 2340 1352 2392 tum
1397 2329 1592 2391 etiam
1641 2330 1725 2392 ad
1776 2329 2246 2393 confessionem
2284 2329 2669 2414 generalem,

618 2461 764 2523 quae
797 2439 876 2502 ab
907 2439 1139 2502 ultima
1167 2439 1449 2525 generali
1478 2440 1841 2520 inchoetur,
1872 2439 1952 2519 ei,
1984 2462 2179 2525 quem
2212 2439 2518 2525 Superior
2547 2438 2669 2502 sibi

619 2550 1048 2630 substituerit,
1078 2550 1459 2614 faciendam.

514 2672 568 2728 *3
618 2665 867 2729 Omnes
921 2666 1004 2728 ad
1057 2665 1468 2748 Superiorem
1522 2687 1714 2728 suum
1773 2687 1898 2743 res»,
1952 2688 2097 2750 quae
2150 2665 2244 2729 eis
2294 2663 2669 2750 expetendae

615 2777 1032 2854 occurrerint,
1065 2775 1310 2838 deferre
1359 2776 1639 2839 debent:
1702 2799 1823 2839 nec
1866 2777 2157 2861 privatus
2207 2776 2529 2861 quispiam
2575 2774 2670 2836 di-

616 2887 812 2965 recte,
841 2886 944 2955 vel
972 2886 1283 2949 indirecte
1314 2886 1451 2950 sine
1483 2886 1623 2972 ejus
1653 2888 1996 2972 permissu,
2028 2898 2093 2950 et
2123 2886 2608 2971 approbatione,
2633 2907 2671 2948 a

616 2997 889 3065 Summo
922 2996 1259 3075 Pontifice,
1288 3019 1409 3060 nec
1455 2998 1535 3061 ab
1583 2998 1706 3061 alio
1752 3011 1932 3062 extra
1963 2997 2350 3062 Societatem
2394 2996 2668 3080 gratiam

617 3109 817 3172 ullam
858 3109 924 3171 in
976 3130 1169 3172 suum
1219 3110 1569 3195 privatum,
1617 3111 1720 3174 vel
1767 3110 2030 3174 alterius
2078 3131 2272 3173 usum
2316 3119 2520 3193 petat,
2557 3120 2670 3172 aut

617 3220 965 3305 petendam
996 3227 1217 3283 curet:
1266 3220 1515 3306 sibique
1559 3222 1968 3306 persuadeat,
2012 3221 2067 3285 si
2109 3242 2226 3306 per
2258 3219 2669 3305 Superiorem

622 3353 837 3410 suum,
877 3332 980 3395 vel
1024 3354 1174 3395 cum
1210 3331 1349 3416 ejus
1395 3355 1740 3412 consensu,
1777 3333 1954 3417 quod
1990 3340 2194 3417 optat,
2236 3354 2369 3395 non
2409 3330 2669 3395 obtinu-

618 3443 761 3520 erit,
792 3464 873 3505 ne
905 3442 973 3504 id
1004 3443 1267 3526 quidem
1298 3443 1380 3506 ad
1412 3443 1705 3507 divinum
1738 3443 2071 3508 servitium
2117 3441 2240 3506 sibi
2284 3441 2625 3506 convenire
2650 3466 2667 3519 3

619 3566 706 3633 et,
738 3554 793 3617 si
824 3555 1146 3633 convenit,
1177 3577 1328 3618 cum
1375 3556 1740 3639 Superioris
1786 3578 2131 3635 consensu,
2161 3562 2239 3618 ut
2281 3554 2395 3639 qui
2432 3556 2671 3618 oimsti

618 3667 874 3728 Domini
918 3668 1120 3729 nostri
1174 3668 1372 3729 locum
1423 3687 1576 3750 erga
1626 3666 1845 3750 ipsum
1902 3679 2101 3745 tenet,
2137 3666 2205 3729 id
2247 3688 2315 3729 se
2362 3687 2669 3729 consecu-

621 3788 864 3840 turum.
