3146 5014
522 463 607 522 84
1273 476 1922 522 consrrrn'rmmm

452 689 458 694 -
565 652 601 706 5
652 644 757 723 Ei,
788 645 900 727 qui
931 645 1022 707 sic
1053 645 1291 708 missus
1319 645 1534 723 suerit,
1565 645 1755 729 plane
1802 644 2108 708 declarari
2153 644 2456 708 convenit
2499 645 2702 730 pluri-

650 757 831 820 mum
874 757 1248 820 missionem
1297 779 1502 835 suam,
1555 768 1621 819 et
1682 779 1974 841 scopum,
2027 757 2157 841 quo
2217 757 2423 820 fertur
2462 759 2701 821 summi

654 868 985 932 Pontificis
1013 867 1288 932 intentio
1312 892 1331 946 3
1378 879 1443 930 et
1471 868 1618 945 hoe,
1639 870 1698 931 si
1723 871 1879 950 fieri
1895 874 2132 949 potest,
2161 870 2230 930 in
2258 870 2537 949 scripti-9,
2568 869 2698 952 quo

651 978 960 1057 exactius,
990 978 1166 1062 quod
1196 978 1255 1040 ei
1283 977 1652 1062 injunctum
1681 977 1895 1055 fuerit,
1927 977 2168 1061 expleri
2196 978 2424 1061 possit.
2515 979 2699 1040 Eun-

651 1090 798 1154 dem
858 1090 1054 1154 etiam
1114 1090 1422 1175 Superior
1483 1090 1711 1175 juvare
1774 1089 2056 1153 consiliis
2116 1111 2190 1152 ac
2249 1090 2698 1170 instructione,

650 1202 1005 1287 quoadejus
1047 1203 1187 1266 fieri
1230 1201 1493 1285 poterit,
1532 1201 1825 1281 curabit,
1879 1213 1955 1263 ut
1997 1201 2066 1263 in
2111 1202 2414 1264 omnibus
2459 1203 2542 1265 ad
2572 1203 2699 1265 Dei

651 1324 716 1376 et
761 1314 930 1377 sedis
970 1313 1365 1398 Apostolicae
1414 1312 1821 1395 obsequium,
1859 1312 2081 1375 utilius
2128 1335 2320 1375 suum
2363 1313 2698 1398 impendat

649 1424 1103 1488 ministerium.

564 1541 604 1596 6
653 1534 724 1598 Si
770 1534 853 1597 ad
909 1533 1318 1619 particularia
1373 1535 1535 1612 loca,
1597 1545 1886 1618 tempore
1939 1532 2206 1596 minime
2256 1533 2532 1597 limitato
2582 1556 2699 1618 per

650 1666 980 1707 summum
1028 1644 1410 1708 Pontificem
1453 1644 1788 1708 mittetur:
1851 1643 1934 1706 ad
1982 1655 2112 1706 tres
2157 1665 2413 1706 menses
2456 1643 2696 1707 ibidem

648 1756 1045 1820 manendum
1073 1756 1131 1818 ei
1161 1778 1299 1819 esse
1330 1755 1751 1843 intelligatur,
1782 1765 1848 1817 et
1892 1754 2122 1838 magiS,
2153 1761 2267 1816 aut
2309 1755 2549 1832 minus„
2578 1776 2697 1839 pro

648 1869 842 1931 modo
881 1867 1141 1952 majoris
1202 1877 1314 1929 aut
1358 1866 1627 1929 minoris
1673 1865 2022 1949 spiritualis
2066 1866 2340 1946 fructus,
2393 1866 2506 1950 qui
2548 1866 2697 1929 inde

646 1956 893 2063 percipi
921 1977 1265 2057 videbitur,
1295 1977 1400 2040 vel
1428 1976 1581 2039 alibi
1613 1976 2012 2060 sperabitur,
2057 1975 2161 2040 vel
2200 1977 2462 2039 demum
2511 1987 2586 2040 ut
2617 1977 2700 2039 ad

647 2089 895 2153 bonum
941 2088 1204 2173 aliquod
1253 2088 1612 2152 universale
1663 2088 1871 2173 magis
1925 2087 2222 2171 expedire
2275 2087 2697 2173 judicabitur.

654 2201 821 2267 Quae
881 2201 1097 2264 omnia
1147 2200 1340 2285 juxta
1399 2199 1763 2284 Superioris
1824 2199 2184 2279 arbitrium,
2245 2200 2357 2283 qui
2410 2212 2699 2264 sanctam

649 2311 1078 2376 intentionem
1112 2310 1446 2374 Pontificis
1475 2310 1544 2372 in
1580 2310 1824 2373 Christi
1855 2310 2126 2373 Domini
2155 2311 2361 2374 nostri
2399 2311 2702 2395 obsequi-

652 2444 765 2485 um
796 2422 1248 2501 considerabit,
1280 2420 1741 2506 transigentur.

567 2535 604 2609 7
653 2534 824 2597 Cum
855 2534 924 2597 in
952 2534 1110 2598 locis
1141 2534 1494 2618 designatis
1526 2533 1771 2596 diutius
1803 2531 1924 2595 erit
1953 2532 2407 2611 residendum3
2457 2532 2511 2595 si
2558 2532 2699 2595 fieri

650 2646 890 2732 poterit
935 2646 1073 2710 sine
1119 2646 1502 2710 detrimento
1548 2645 1922 2730 principalis
1974 2646 2321 2725 missionis,
2370 2655 2563 2729 atque
2601 2644 2702 2706 in-

651 2756 960 2820 tentionis
1006 2757 1244 2819 summi
1286 2755 1659 2835 Pontificis3
1720 2756 2129 2819 excursiones
2175 2756 2443 2839 aliquaS,
2488 2755 2545 2818 si'
2586 2776 2703 2839 po-

653 2868 824 2945 terit,
872 2880 938 2930 et
995 2890 1146 2931 cum
1205 2867 1423 2931 fructu
1471 2867 1672 2931 divini
1725 2866 1966 2931 servitii
2016 2888 2123 2929 eas
2171 2867 2305 2930 fore
2358 2867 2703 2951 judicabit,

655 2979 886 3057 facere,
916 2999 1048 3042 non
1081 2978 1199 3041 erit
1230 2977 1728 3053 inconveniens3
1773 2988 1848 3039 ut
1885 2977 1953 3038 in
1998 2975 2155 3040 locis
2198 2976 2428 3054 vicinis
2460 2979 2706 3041 anima-

654 3110 801 3164 rum
862 3088 1098 3151 auxilio
1160 3088 1465 3167 servienS,
1524 3087 1942 3172 postmodum
2003 3087 2084 3150 ad
2145 3109 2279 3150 suae
2338 3087 2704 3151 residentiae

656 3198 874 3262 locum
925 3199 1185 3262 redeat:
1254 3199 1324 3261 in
1371 3221 1500 3283 quo
1548 3198 1813 3283 quidem
1860 3206 2096 3282 praeter
2141 3197 2231 3277 id,
2279 3190 2457 3282 quod
2499 3209 2600 3262 est
2646 3197 2705 3261 ei

656 3311 963 3396 peculiari
1000 3311 1246 3375 ratione
1290 3310 1660 3395 injunctum
1697 3310 1802 3394 (ad
1846 3309 2025 3394 quod
2067 3309 2465 3394 praecipuam
2510 3310 2705 3372 etiam

656 3424 942 3487 conferet
970 3445 1213 3502 curam,
1243 3444 1362 3486 nec
1389 3434 1658 3507 propter
1686 3421 1841 3484 alias
1883 3420 2273 3501 occasiones,
2301 3421 2453 3484 licet
2479 3421 2706 3499 bonaS,

659 3534 860 3598 divini
890 3533 1183 3618 obsequii
1212 3533 1649 3619 posthabebit)
1684 3543 1924 3618 potest,
1955 3545 2022 3596 et
2066 3532 2259 3596 debet
2303 3532 2705 3596 considerare

659 3643 895 3729 quibus
925 3644 1064 3707 aliis
1093 3644 1162 3708 in
1197 3644 1412 3722 rebuS,
1442 3665 1590 3727 quae
1636 3642 1720 3705 ad
1749 3643 1878 3706 Dei
1919 3642 2212 3728 gloriam,
2242 3653 2308 3707 et
2347 3642 2707 3706 animarum

662 3758 937 3821 salutem
985 3757 1340 3836 conferant,
1394 3776 1579 3819 suam
1632 3777 1896 3839 operam
1950 3756 2087 3819 sine
2136 3755 2525 3848 detrimento
2575 3777 2709 3818 suae

661 3868 985 3932 missionis
1024 3869 1120 3952 (ut
1151 3868 1397 3932 dictum
1428 3867 1548 3949 est)
1586 3866 1794 3951 possit
1821 3866 2217 3951 impendere.
2307 3865 2713 3951 Opportuni-

664 3991 865 4043 tatem
913 3990 1151 4058 autem,
1211 4001 1406 4063 quam
1454 3979 1639 4043 Deus
1687 3979 1770 4042 ad
1829 3978 1898 4041 id
1956 3977 2226 4056 dederit,
2274 3988 2594 4062 quantum
2645 3977 2715 4039 in

666 4093 892 4155 eodem
923 4090 1262 4155 convenire
1296 4090 1639 4174 judicabit,
1671 4114 1705 4154 e
1735 4091 2037 4154 manibus
2070 4090 2237 4153 elabi
2267 4113 2400 4154 non
2432 4090 2620 4153 sinet.

583 4208 620 4263 8
666 4201 773 4264 Ad
820 4202 1018 4266 finem
1079 4213 1315 4266 nostrae
1375 4202 1790 4285 professionis
1852 4225 1925 4265 ac
1986 4201 2431 4287 promissionis
2483 4198 2717 4263 melius
