3146 5014
1241 551 1423 593 PARs
1474 551 1818 612 SEPT1MA.
2534 536 2617 593 89

473 722 513 779 6
563 716 976 799 Proponatur
1019 713 1290 777 verbum
1336 715 1463 777 Dei
1508 715 1754 799 populo
1801 714 2057 778 assidue
2101 714 2169 777 in
2213 714 2506 778 Ecclesia
2548 715 2617 777 in

499 889 502 894 ,
560 826 1003 906 concionibus,
1025 825 1433 905 lectionibus,
1458 838 1522 889 et
1544 826 1614 888 in
1636 826 2006 890 Christiana
2024 827 2317 890 doctrina
2345 849 2465 911 per
2487 848 2619 905 eoS,

561 960 724 1022 quos
758 936 1069 1021 Superior
1097 937 1487 1021 probaverit,
1520 948 1586 1000 et
1619 938 1701 1001 ad
1730 938 1857 1000 tale
1902 959 2146 1001 munus
2180 937 2639 1015 destinaverit„

562 1055 627 1110 et
657 1046 919 1131 quidem
951 1046 1029 1110 iis
1061 1046 1487 1132 temporibus,
1520 1059 1586 1111 et
1630 1049 1846 1127 modo,
1880 1048 1993 1132 qui
2037 1048 2246 1111 eidem
2292 1048 2375 1110 ad
2418 1046 2617 1131 majo-

561 1180 698 1221 rem
749 1157 878 1221 Dei
927 1158 1197 1242 gloriam
1250 1170 1314 1222 et
1365 1158 1724 1222 animarum
1778 1159 2272 1223 aedificationem
2319 1158 2619 1244 expedire

559 1269 905 1333 videbitur.
1004 1281 1007 1283 ’

481 1383 517 1456 7
566 1381 789 1444 Potest
820 1381 903 1444 ad
946 1381 1070 1444 hoc
1101 1380 1341 1464 ipsum,
1386 1382 1566 1464 quod
1611 1381 1858 1445 dictum
1904 1394 2002 1446 est
2048 1393 2228 1445 extra
2258 1381 2618 1445 Ecclesiam

564 1491 925 1571 Societatis,
975 1491 1114 1555 aliis
1166 1491 1235 1554 in
1284 1491 1616 1571 Ecclesiis,
1668 1494 1771 1555 vel
1805 1495 2065 1574 plutei-9,
2124 1495 2223 1556 vel
2271 1495 2417 1556 aliis
2465 1496 2617 1557 locis

558 1602 850 1686 praestari
880 1626 900 1679 3
963 1602 1223 1685 quando
1271 1602 1351 1681 ei,
1397 1603 1509 1684 qui
1557 1602 1805 1666 caeteris
1857 1614 2114 1687 praeest,
2175 1603 2258 1667 ad
2309 1602 2616 1688 majorem

560 1712 687 1775 Dei
717 1711 987 1797 gloriam
1020 1713 1308 1775 conferre
1340 1712 1686 1776 videbitur.

474 1831 513 1886 8
562 1823 903 1887 Curabunt
952 1823 1146 1886 etiam
1204 1823 1507 1907 privatim
1559 1823 1930 1908 proximum
1976 1823 2101 1907 piis
2150 1823 2486 1907 colloquiis
2534 1824 2618 1886 ad

557 1934 822 1997 meliora
850 1955 1226 2017 promovere
1260 1945 1401 1997 tum
1434 1929 1725 2013 consili0,
1757 1945 1823 1997 et
1854 1933 2297 1998 exhortatione
2330 1934 2413 1996 ad
2441 1934 2616 1997 bona

556 2067 770 2130 opera,
801 2057 943 2108 tum
974 2045 1169 2108 etiam
1201 2046 1531 2109 tradendis
1564 2045 2005 2129 spiritualibus
2036 2045 2373 2109 exercitiis.

472 2166 511 2221 9
559 2155 1019 2242 Corporalibus
1067 2156 1260 2219 etiam
1305 2156 1567 2240 pietatis
1613 2156 1938 2241 operibus,
1985 2168 2303 2241 quantum
2350 2154 2615 2239 spiritu-

560 2268 702 2348 alia,
734 2290 878 2352 quae
911 2266 1171 2351 majoris
1203 2275 1358 2331 sunt
1387 2268 1722 2347 momenti,
1740 2268 2142 2352 permittent,
2167 2275 2613 2352 quantumque

555 2380 722 2444 vires
783 2380 1136 2464 patientur,
1196 2379 1628 2459 incumbent3
1697 2391 1772 2443 ut
1820 2380 1889 2443 in
1949 2380 2224 2444 infirmis
2281 2379 2614 2464 juvandiS‚

555 2490 881 2575 praecipue
922 2490 993 2553 in
1029 2490 1469 2571 xenodochiis,
1511 2514 1621 2555 eos
1666 2491 2026 2570 invisendo,
2072 2502 2135 2555 et
2181 2491 2453 2575 aliquOS,
2499 2489 2613 2574 qui

557 2602 647 2665 eis
690 2601 1065 2680 inserviant,
1110 2601 1430 2665 mittendo
1448 2628 1468 2680 3
1530 2613 1597 2664 et
1641 2602 2027 2665 dissidentes
2074 2602 2157 2663 ad
2201 2600 2611 2664 concordiam

555 2713 953 2792 revocand03
1009 2713 1100 2775 sic
1132 2712 1327 2776 etiam
1370 2735 1712 2797 pauperes,
1744 2735 1817 2775 ac
1861 2713 1929 2775 in
1976 2712 2285 2775 custodiis
2330 2710 2610 2795 publicis

555 2827 875 2903 detentos,
922 2824 1277 2909 quoadejus
1319 2825 1458 2887 fieri
1497 2825 1758 2909 poterit,
1803 2847 1921 2909 per
1965 2847 2032 2888 se
2077 2824 2496 2902 sublevando,
2543 2835 2607 2887 et

554 2947 627 2998 ut
688 2936 794 2998 alii
855 2934 1213 3014 sublevent,
1283 2937 1592 3000 curando,
1684 2936 2001 3000 Metiatur
2074 2947 2292 2999 autem
2353 2944 2609 3019 oportet

557 3046 895 3131 Praepositi
924 3046 1271 3131 prudentia
1299 3047 1433 3131 (qui
1463 3047 1673 3132 majus
1697 3048 1825 3111 Dei
1848 3047 2231 3133 obsequium
2255 3069 2329 3111 ac
2359 3046 2606 3110 bonum
2674 3066 2675 3069 ’

552 3159 910 3222 universale
957 3180 1212 3242 semper
1241 3158 1325 3222 ob
1356 3159 1578 3223 oculos
1624 3160 1747 3223 sibi
1789 3163 2132 3245 proponet)
2171 3170 2491 3244 quantum
2536 3158 2605 3220 in

551 3270 927 3355 hujusmodi
958 3270 1151 3333 rebus
1184 3292 1395 3355 operae
1429 3271 1513 3334 sit
1541 3271 1941 3355 ponendum.

424 3390 507 3445 10
554 3382 635 3445 In
669 3382 997 3467 Collegiis,
1029 3395 1094 3445 et
1125 3405 1347 3446 eorum
1380 3383 1688 3446 Ecclesiis
1719 3385 1832 3446 fiet
1863 3406 1941 3447 ex
1969 3384 2069 3463 iis,
2102 3406 2246 3468 quae
2279 3383 2358 3446 de
2399 3383 2606 3445 domi-

550 3491 675 3555 bus
722 3493 893 3555 dicta
946 3500 1121 3572 sunt,
1167 3494 1343 3576 quod
1394 3493 1532 3556 fieri
1577 3493 1857 3578 poterit3
1917 3507 2112 3578 prout
2157 3504 2600 3577 opportunum

549 3604 763 3685 fuerit,
797 3605 992 3688 juxta
1023 3605 1386 3691 Superioris
1424 3606 1521 3689 (ut
1551 3605 1801 3670 dictum
1832 3607 1952 3687 est)
1991 3606 2346 3670 arbitrium.

419 3723 450 3777 1
467 3723 496 3778 l
554 3716 674 3788 Qui
713 3718 946 3779 talento
988 3719 1291 3798 praeditus
1335 3719 1421 3780 ad
1458 3719 1814 3781 scribendos
1859 3719 2051 3781 libros
2094 3719 2396 3796 communi
2443 3717 2593 3779 bono

544 3828 751 3905 utiles,
805 3848 907 3890 eos
960 3829 1392 3906 conscriberet,
1442 3830 1509 3891 in
1563 3831 1778 3906 lucem,
1829 3830 2009 3891 edere
2061 3849 2183 3890 non
2227 3827 2422 3904 debet,
2467 3828 2591 3888 nisi

530 3940 722 4018 prius
764 3939 1150 4019 Proepositus
1186 3939 1514 4000 Generalis
1558 3959 1661 4001 eos
1704 3940 1934 4016 videat,
1980 3944 2042 3999 et
2087 3939 2353 3999 aliorum
2397 3937 2588 3999 etiam

523 4048 772 4128 judicio
806 4054 868 4110 et
898 4068 1169 4111 censurae
1196 4047 1532 4128 subjiciam
1593 4054 1686 4125 ut,
1717 4050 1774 4110 si
1819 4050 1905 4111 ad
1943 4049 2408 4130 aedificationem
2433 4048 2593 4128 fore

540 4159 934 4237 videbuntur,
968 4167 1030 4223 et
1059 4182 1181 4223 non
1213 4161 1402 4222 aliter
1431 4161 1498 4222 in
1516 4161 1839 4241 publicum
1857 4162 2192 4241 prodeant.
