3146 5014
1272 530 1454 573 PARS
1505 529 1868 572 SECUNDA.
2557 509 2634 582 17

581 698 742 783 quid
793 708 982 776 esset,
1036 697 1090 760 si
1141 698 1210 760 in
1267 697 1731 760 Probationum
1785 697 2059 759 decursu
2113 694 2326 777 aliqua
2359 694 2635 778 impedi-

582 823 825 889 menta,
884 810 984 874 vel
1055 809 1341 893 insignes
1417 809 1707 872 defectus
1779 808 1849 870 in
1925 807 2242 869 Examine
2304 807 2636 891 suppressi

585 925 1078 1006 detegerentur3
1140 920 1242 984 vel
1302 920 1357 983 si
1416 919 1855 1004 experimento
1916 919 2399 1002 comperiretur,
2450 918 2635 981 valde

585 1033 879 1096 inutilem
944 1033 1079 1095 fore
1140 1053 1313 1109 eum,
1366 1043 1430 1093 et
1482 1053 1599 1115 per
1652 1052 1845 1113 quem
1898 1028 2355 1114 praepedienda
2404 1029 2636 1113 magis,

585 1166 777 1228 quam
831 1142 1195 1228 adjuvanda
1246 1152 1415 1205 esset
1465 1140 1773 1219 Societas,
1819 1150 2085 1224 propter
2133 1139 2273 1224 ejus
2311 1138 2636 1224 insignem

581 1255 664 1317 ad
709 1254 954 1337 quaevis
1002 1253 1141 1338 ejus
1182 1275 1451 1317 munera
1492 1251 2019 1337 ineptitudinem,
2068 1261 2134 1314 et
2181 1251 2388 1314 multo
2428 1248 2636 1336 magis

585 1365 824 1428 dimitti
876 1375 1222 1450 oporteret,
1277 1365 1332 1428 si
1387 1364 1694 1428 Societati
1743 1364 2054 1426 damnum
2104 1363 2414 1426 allaturus
2465 1364 2636 1427 malo

580 1479 729 1541 vitae
761 1478 1055 1562 exemplo
1087 1477 1398 1555 videatur,
1429 1498 1503 1540 ac
1532 1476 1858 1561 praecipue
1898 1476 1953 1539 si
1996 1478 2308 1557 inquietus
2351 1486 2541 1553 esset,
2573 1487 2637 1539 et

581 1589 791 1652 verbis
852 1600 965 1652 aut
1025 1587 1277 1651 actibus
1337 1588 1799 1651 offendiculum
1860 1587 1999 1650 aliis
2052 1587 2387 1671 praeberet.
2489 1587 2637 1650 Hoc

585 1700 756 1762 enim
801 1700 1092 1778 tolerare,
1137 1691 1467 1762 charitatis
1511 1720 1645 1761 non
1690 1710 1886 1776 esset,
1919 1698 2033 1760 sed
2062 1697 2202 1760 vitii
2232 1698 2535 1761 contrarii
2568 1698 2636 1760 in

585 1833 661 1874 eo
707 1810 989 1895 quidem,
1031 1811 1142 1894 qui
1195 1820 1454 1873 tenetur
1505 1830 1879 1873 conservare
1930 1808 2236 1892 quietem,
2281 1819 2347 1872 et
2390 1810 2637 1873 bonum

587 1932 826 1985 statum
860 1922 1200 1986 Societatis
1233 1920 1356 1983 sibi
1387 1920 1769 1984 commissae.

583 2033 893 2112 Tertium,
950 2033 1004 2096 si
1056 2031 1477 2117 judicaretur,
1538 2032 1608 2095 id
1666 2032 1801 2095 fore
1862 2042 2087 2095 contra
2149 2032 2511 2110 Societatis,
2564 2055 2638 2097 ac

583 2143 776 2206 simul
804 2143 1008 2227 ipsius
1040 2142 1445 2207 dimittendae
1481 2164 1774 2227 personae
1804 2143 2090 2221 bonum3
2137 2143 2313 2226 quod
2344 2165 2424 2206 ex
2451 2154 2637 2226 parte

583 2253 867 2338 corporis
926 2265 1148 2338 posset
1222 2254 1531 2333 accidere,
1608 2255 1662 2317 si
1736 2265 2025 2338 tempore
2102 2253 2509 2318 Probationis
2569 2254 2638 2318 in

581 2364 794 2455 aliquo
825 2366 1112 2444 morbus,
1143 2378 1255 2428 aut
1301 2365 1598 2429 debilitas
1641 2365 2018 2450 hujusmodi
2065 2378 2453 2444 cerneretur,
2487 2389 2637 2430 cum

582 2497 711 2559 qua
769 2498 918 2540 eum
977 2498 1109 2540 non
1168 2498 1359 2561 posse
1420 2476 1721 2562 progredi
1794 2477 1863 2540 in
1936 2476 2262 2541 laboribus
2337 2477 2639 2541 instituto

584 2598 828 2664 nostro,
888 2609 962 2650 ac
1035 2588 1427 2672 procedendi
1486 2590 1680 2651 modo
1752 2587 2286 2651 convenientibus
2353 2588 2437 2648 ad
2496 2588 2639 2651 Deo

586 2698 993 2762 serviendum
1032 2699 1397 2763 videretur:
1463 2721 1543 2762 ex
1590 2710 1772 2783 parte
1820 2720 2034 2761 rerum
2083 2696 2302 2774 animi,
2358 2698 2641 2780 quando,

585 2810 697 2892 qui
757 2809 840 2872 ad
896 2810 1344 2893 probationem
1406 2810 1727 2872 admissus
1786 2808 1931 2887 fuit,
1993 2831 2060 2871 se
2121 2830 2505 2893 componere
2560 2812 2643 2873 ad

584 2921 784 2984 vitam
812 2922 925 2983 sub
963 2922 1327 2984 Obedientia
1357 2933 1422 2984 et
1459 2920 1649 3005 juxta
1691 2921 1958 2984 modum
2002 2921 2394 3004 procedendi
2427 2921 2643 2985 Socie-

586 3032 738 3095 tatis
786 3032 1150 3096 ducendam
1212 3054 1344 3095 non
1406 3044 1665 3117 posset3
1735 3033 1912 3116 quod
1971 3045 2271 3115 nequeat,
2330 3032 2432 3095 vel
2479 3033 2643 3097 nolit

574 3146 910 3225 proprium
983 3153 1163 3206 suum
1221 3165 1467 3207 sensum
1526 3152 1640 3207 aut
1695 3146 2011 3225 judicium
2068 3145 2466 3226 infringere;
2542 3145 2644 3207 vel

588 3264 855 3338 propter
890 3254 1013 3316 alia
1051 3254 1537 3338 impedimenta,
1588 3277 1733 3338 quae
1783 3277 1820 3318 a
1854 3266 2106 3332 natura,
2154 3254 2256 3317 vel
2292 3276 2329 3316 a
2374 3277 2645 3318 consue-

587 3366 812 3429 tudine
844 3379 1318 3450 permanarent.

502 3483 538 3538 5
593 3476 936 3555 Quartum,
979 3477 1033 3539 si
1079 3488 1448 3572 cerneretur
1495 3477 1564 3539 id
1610 3477 1745 3539 fore
1791 3485 2016 3537 contra
2058 3474 2306 3537 bonum
2351 3475 2644 3557 aliorum,

593 3588 703 3671 qui
733 3588 810 3652 de
845 3589 1164 3653 Societate
1195 3611 1330 3652 non
1367 3600 1562 3652 sunt:
1631 3588 1727 3653 Ut
1764 3587 1820 3651 si
1861 3588 2268 3673 detegeretur
2310 3588 2643 3654 vinculum

590 3701 1002 3781 matrimonii,
1075 3703 1178 3765 vel
1248 3702 1576 3766 servitutis
1649 3701 1977 3786 legitimae,
2038 3703 2140 3765 vel
2214 3726 2318 3767 aes‘
2364 3703 2643 3766 alienum

590 3814 809 3896 magni
853 3814 1206 3877 momenti:
1261 3813 1499 3897 quibus
1539 3814 1608 3876 in
1646 3812 1862 3891 rebus,
1894 3813 2052 3875 dum
2096 3812 2280 3875 initio
2322 3813 2646 3877 examina-

587 3934 784 4002 retur,
844 3925 1179 3988 veritatem
1242 3923 1679 3987 subticuisset.
1773 3922 2037 3989 Quaevis
2085 3923 2316 3985 harum
2370 3935 2647 4005 quatuor

587 4058 927 4101 causarum
965 4038 1120 4102 satis
1166 4059 1304 4101 esse
1354 4036 1630 4114 videtur,
1667 4048 1740 4100 ut
1791 4039 1934 4101 Deo
1983 4036 2228 4122 gratius
2281 4036 2415 4100 fore
2467 4037 2647 4123 judi-

590 4171 832 4228 cemuS,
881 4151 1152 4214 honeste
1206 4149 1449 4213 dimitti
1496 4171 1668 4228 eum,
1717 4148 1785 4212 in
1839 4171 1968 4233 quo
2016 4149 2231 4212 locum
2280 4150 2647 4229 habuerint,

591 4260 783 4342 quam
816 4259 1299 4344 imprudentem
1330 4262 1398 4326 in
1430 4283 1506 4324 eo
1551 4261 1891 4325 retinendo
1924 4261 2302 4325 charitatem
2335 4283 2646 4325 exercere.
