3146 5014
1236 524 1420 568 PARs
1470 524 1782 571 uncum.
2462 513 2581 576 125

540 687 985 774 praestitur0s3
1051 687 1107 752 si
1158 688 1297 774 ejus
1344 690 1729 772 obedientia,
1768 691 1882 775 qui
1929 692 2049 757 sub
2092 714 2288 778 poena
2329 691 2578 780 peccati

539 810 756 887 potest
784 800 1155 886 praecipere,
1184 823 1294 866 eos
1322 825 1457 867 non
1488 804 1873 889 compulerit
1897 828 1913 868 e
1976 805 2091 869 sed
2132 807 2580 893 unusquisque

540 913 755 979 videat
783 936 914 999 qua
940 914 1188 979 ratione
1220 915 1582 981 animarum
1613 918 1806 982 saluti
1838 917 2030 1004 juxta
2071 931 2310 986 nostrae
2339 923 2588 1007 profes-

545 1023 743 1089 sionis
772 1024 1207 1091 humilitatem
1237 1034 1304 1091 et
1333 1028 1831 1093 submissionem
1861 1028 2167 1095 inservire
2210 1032 2460 1118 possit3
2522 1047 2587 1099 et

544 1158 625 1200 ne
657 1135 943 1201 Societas
970 1136 1074 1201 his
1103 1138 1497 1217 hominibus,
1528 1139 1642 1223 qui
1680 1141 1764 1203 ad
1797 1142 2203 1226 propositum
2235 1143 2358 1208 sibi
2383 1146 2585 1210 finem

541 1261 696 1315 sunt
726 1250 786 1314 ei
814 1251 1178 1333 necessarii,
1208 1252 1516 1337 privetur.

458 1361 496 1436 7
545 1361 888 1427 promittat
936 1361 1130 1428 etiam
1171 1364 1315 1429 Deo
1368 1362 1579 1448 quivis
1627 1365 1983 1447 Professus,
2029 1368 2226 1451 quod,
2271 1368 2586 1452 siquando

540 1474 715 1539 dieto
744 1476 938 1540 modo
969 1477 1345 1563 compulsus
1372 1476 1819 1563 praelationem
1850 1480 2130 1565 aliquam
2160 1492 2339 1545 extra
2371 1482 2586 1548 Socie-

540 1597 741 1651 tatem
788 1587 1109 1669 admittet,
1162 1592 1378 1653 audiet
1411 1598 1640 1672 postea
1688 1594 1903 1672 quovis
1934 1599 2207 1675 tempore
2251 1596 2587 1678 Praepositi

546 1701 876 1765 Generalis
926 1704 1271 1782 eonsilium,
1317 1704 1418 1766 vel
1465 1703 1754 1784 alicujus,
1808 1724 1986 1785 quem
2029 1707 2137 1769 ille
2179 1706 2300 1769 eibi
2344 1710 2432 1771 ad
2468 1712 2584 1773 hoe

537 1812 988 1887 substituerem
1035 1814 1361 1898 quodque,
1392 1813 1446 1877 si
1478 1814 1750 1878 senserit
1779 1815 2009 1879 melius
2040 1838 2180 1879 esse
2211 1818 2387 1901 quod
2430 1841 2585 1883 con-

540 1922 792 2003 sulitur,
824 1922 908 1987 sit
936 1924 1098 1987 illud
1127 1931 1552 2004 executurus3
1607 1947 1741 1989 non
1772 1926 1950 2010 quod
1991 1926 2226 1991 habeat
2269 1929 2382 2012 qui
2412 1930 2586 1994 Prae-

534 2034 703 2098 latus
762 2041 883 2114 est,
942 2033 1218 2120 aliquem
1280 2037 1359 2099 de
1422 2035 1741 2101 Societate
1795 2037 2155 2122 Superioris
2203 2038 2389 2120 loeo;
2465 2041 2580 2104 sed

537 2149 712 2232 quod
741 2160 973 2235 sponte
1001 2148 1072 2213 in
1102 2149 1231 2213 Dei
1258 2161 1612 2235 conspeetu
1641 2151 1782 2216 vult
1812 2152 1895 2214 ad
1923 2151 1991 2214 id
2019 2151 2389 2217 faciendum
2420 2154 2583 2218 obli-

534 2261 691 2347 gari,
736 2263 912 2347 quod
954 2262 1037 2326 ad
1080 2261 1371 2326 divinum
1410 2262 1794 2348 obsequium
1837 2264 2067 2327 melius
2111 2287 2250 2329 esse
2286 2266 2581 2331 intellex-

536 2374 698 2455 erit3
743 2374 1045 2460 quodque
1062 2377 1321 2457 placeat
1351 2395 1482 2439 esse
1511 2377 1802 2458 aliquem,
1826 2378 1934 2458 qui
1950 2378 2071 2440 sibi
2102 2399 2241 2442 cum
2262 2382 2579 2445 charitate

536 2507 610 2551 ae
649 2487 939 2552 libertate
982 2489 1331 2553 christiana
1366 2487 1450 2551 ad
1492 2486 1762 2572 gloriam
1794 2486 1922 2552 Dei
1965 2495 2031 2551 et
2061 2488 2329 2553 Domini
2374 2490 2580 2554 nostri

537 2603 608 2666 id
634 2615 975 2689 proponat.

450 2723 489 2781 8
536 2716 632 2782 Ut
658 2729 973 2803 perpetuo
1001 2717 1205 2783 totius
1248 2716 1444 2802 hujus
1489 2716 1774 2803 eorporis
1818 2717 2030 2781 bonus
2077 2728 2285 2782 status
2317 2741 2578 2784 conser-

532 2839 740 2909 vetur,
793 2829 1042 2897 confert
1086 2828 1460 2914 plurimum,
1507 2828 1685 2914 quod
1730 2829 1800 2893 in
1851 2829 2086 2909 Prima,
2142 2830 2462 2911 Secunda,
2508 2842 2573 2895 et

536 2941 785 3008 Quinta
825 2951 1008 3027 parte
1053 2939 1300 3004 dietum
1345 2949 1444 3005 est
1486 2941 1568 3005 de
1599 2941 1792 3004 turba
1822 2952 1887 3004 et
1917 2940 2289 3005 hominibus
2334 2941 2418 3006 ad
2462 2965 2578 3006 no·

531 3059 738 3116 strum
789 3051 1162 3116 institutum
1222 3052 1460 3137 ineptis
1520 3074 1602 3116 ne
1663 3053 1747 3115 ad
1803 3052 2252 3137 probationem
2312 3053 2575 3137 quidem

532 3164 971 3244 admittendis,
1013 3171 1100 3243 et,
1144 3164 1200 3228 si
1243 3164 1439 3250 aliqui
1481 3164 1881 3250 probationis
1925 3176 2215 3251 tempore
2260 3188 2394 3230 non
2438 3188 2577 3230 esse

528 3278 743 3342 idonei
771 3276 1236 3355 invenirentur,
1264 3276 1458 3340 etiam
1489 3275 1914 3340 dimittendis.

443 3396 485 3452 9
530 3388 603 3454 Si
652 3388 767 3472 qui
810 3410 962 3452 vero
1013 3387 1375 3472 depravatis
1434 3385 1722 3450 moribus
1775 3396 2014 3465 essent,
2059 3396 2124 3448 et
2165 3387 2245 3449 de
2297 3407 2573 3470 quorum

529 3500 976 3569 emendatione
1005 3522 1238 3586 parum
1282 3506 1666 3583 speraretur,
1712 3497 1920 3561 multo
1965 3497 2183 3562 minus
2229 3510 2446 3563 essent
2474 3522 2573 3564 re-

528 3610 801 3676 tinendi.
889 3611 1119 3675 Minus
1149 3610 1343 3674 etiam
1387 3620 1683 3695 apertum
1728 3608 1971 3701 ostium
2008 3631 2154 3673 -esse
2200 3609 2460 3674 debebit
2490 3610 2574 3674 ad

525 3722 961 3788 admittendos
1007 3722 1252 3807 aliquos
1296 3721 1366 3785 in
1412 3720 1843 3786 scholasticos
1889 3719 2302 3804 approbatoS,
2342 3729 2408 3784 et
2439 3722 2568 3786 Co-

528 3836 853 3922 adjutores
892 3835 1223 3914 formatos,
1266 3834 1530 3897 minime
1575 3855 1725 3897 vero
1770 3831 2060 3896 omnium
2106 3832 2175 3894 in
2219 3832 2570 3898 Professos.

528 3950 683 4013 Non
714 3949 887 4013 enim
919 3946 1046 4027 alii,
1077 3968 1272 4031 quam
1303 3945 1567 4031 spiritus
1599 3953 1665 4008 et
1694 3943 2006 4008 doctrinae
2037 3944 2290 4009 selectae
2319 3944 2461 4025 viri,
2505 3957 2570 4010 et

525 4061 829 4141 multum,
881 4059 1124 4144 diuque
1184 4056 1536 4136 exercitati,
1597 4066 1662 4119 et
1713 4055 1782 4119 in
1840 4055 2029 4120 variis
2081 4055 2572 4141 probationibus

522 4171 783 4236 virtutis
828 4182 894 4237 et
939 4169 1383 4257 abnegationis
1416 4167 1808 4254 suiipsorum
1839 4190 1987 4233 cum
2035 4167 2327 4233 omnium
2370 4168 2573 4233 aedifi-

1456 4303 1486 4345 J
