3146 5014
1120 1030 1496 1105 PRIMA
1562 1026 1844 1107 PARS

451 1258 2505 1381 CONSTITUTIONUM

938 1533 1014 1594 de
1044 1534 1415 1595 admissione
1446 1535 1533 1595 ad
1561 1534 2022 1597 Probationem.

597 2024 691 2067 DE
727 2025 843 2083 EO,
876 2024 1006 2072 om
1041 2025 1512 2067 ADMITTENDI
1549 2024 2044 2067 FACULTATEM
2082 2022 2351 2066 ΗΑΒΕΤ.

1325 2130 1520 2193 CAP.
1571 2131 1625 2192 l.

430 2262 460 2316 1
695 2255 1116 2318 ACULTAS
1180 2255 1566 2318 admittendi
1634 2256 1717 2317 ad
1781 2255 2229 2339 probationem
2266 2276 2566 2338 quorum,

516 2252 761 2457 Fet
813 2377 1057 2449 quanta
1109 2367 1234 2444 sit3
1297 2366 1546 2449 judicio
1605 2367 1941 2450 Praepositi
1992 2366 2327 2429 Generalis
2374 2366 2567 2429 relin-

511 2489 787 2561 quatur3
849 2478 961 2562 qui
1004 2478 1073 2540 in
1118 2500 1193 2542 ea
1238 2479 1776 2542 communicanda
1811 2478 2264 2557 considerabit,
2295 2478 2456 2563 quid
2486 2478 2569 2541 ad

509 2588 716 2671 majus
748 2589 1080 2651 servitium
1112 2589 1239 2651 Dei
1270 2611 1343 2651 ac
1375 2589 1647 2652 Domini
1677 2590 1880 2651 nostri
1913 2590 2273 2652 conveniat.

427 2707 464 2761 2
513 2700 793 2766 Quando
826 2701 1077 2783 aliquis,
1109 2700 1222 2784 qui
1265 2701 1538 2764 idoneus
1581 2701 1896 2778 videatur,
1928 2701 2011 2763 ad
2054 2711 2347 2763 nostrum
2380 2700 2566 2762 insti-

508 2823 724 2874 tutum
757 2813 1183 2895 sequendum,
1214 2813 1297 2874 ad
1327 2834 1475 2874 eum
1522 2813 1874 2891 accederet,
1905 2812 2018 2896 qui
2047 2811 2421 2895 hujusmodi
2453 2813 2566 2875 ἃᾶ-

509 2923 810 2987 mittendi
849 2935 1237 3007 potestatem
1284 2946 1416 2987 non
1461 2925 1681 3002 habet,
1724 2924 1979 2987 mittere
2011 2947 2159 2987 eum
2199 2923 2439 3008 poterit
2483 2925 2566 2987 ad

506 3033 711 3113 illum,
751 3057 952 3119 penes
1001 3056 1194 3117 quem
1236 3057 1309 3097 ea
1358 3035 1479 3113 sit,
1542 3035 1645 3098 vel
1693 3035 1966 3097 scribere
2015 3034 2095 3112 ei,
2139 3034 2565 3118 significando

509 3147 717 3231 qualis
748 3147 854 3209 ille
896 3146 1002 3224 sit,
1033 3157 1098 3208 et
1129 3145 1366 3229 quibus
1396 3147 1711 3230 praeditus
1752 3146 1879 3208 Dei
1923 3146 2134 3223 donis,
2166 3146 2278 3229 qui
2310 3144 2567 3208 admitti

506 3260 715 3344 petit3
782 3270 847 3321 et
899 3268 1254 3340 exequatur
1305 3258 1483 3341 quod
1530 3257 1588 3319 ei
1648 3258 1716 3319 in
1778 3257 2064 3320 Domino
2110 3258 2564 3341 praescriptum

506 3370 739 3433 fuerit:
789 3369 843 3432 si
875 3369 1137 3452 quidem
1181 3368 1286 3431 ille
1331 3368 1399 3430 in
1446 3367 1739 3431 absentia
1767 3368 1836 3430 id
1872 3367 2333 3451 praescribendi
2362 3368 2565 3429 facul-

462 3543 469 3546 „
510 3492 711 3544 tatem
739 3479 1027 3543 habebit.

414 3603 458 3658 3
513 3592 686 3658 Quia
726 3592 918 3654 refert
976 3591 1331 3675 plurimum
1383 3590 1467 3652 ad
1513 3589 1806 3653 divinum
1855 3590 2208 3669 servitium,
2261 3591 2565 3654 conveni-

509 3716 724 3767 entem
783 3702 1007 3765 haberi
1079 3702 1401 3765 delectum
1467 3724 1712 3781 eorum,
1786 3702 1899 3786 qui
1973 3704 2430 3782 admittuntur,
2497 3716 2562 3767 et
2627 3752 2640 3766 .

504 3815 903 3899 diligentiam
973 3812 1285 3890 adhiberi,
1342 3824 1417 3876 ut
1484 3813 1934 3896 intelligantur
1992 3835 2138 3896 quae
2201 3814 2284 3876 ad
2336 3836 2558 3877 eorum

499 3948 845 4012 personam
875 3937 940 3989 et
968 3924 1374 3989 vocationem
1405 3924 1727 4000 attinent3
1774 3924 1886 4007 qui
1931 3924 2125 3987 talem
2172 3924 2561 3990 admittendi

496 4038 872 4103 facultatem
911 4035 1130 4113 habet,
1171 4035 1226 4097 si
1261 4056 1378 4117 per
1413 4055 1480 4096 se
1528 4033 1747 4117 ipsum
1789 4034 1859 4096 id
1902 4035 2045 4118 ipse
2091 4057 2225 4097 non
2269 4049 2557 4119 praestet,

495 4148 730 4212 habeat
759 4149 829 4212 in
858 4147 961 4226 iis,
1002 4146 1116 4231 qui
1151 4144 1408 4208 assidue
1440 4145 1617 4229 apud
1662 4168 1728 4208 se
1774 4157 2001 4230 agunt,
2033 4145 2336 4230 aliquem,
2368 4149 2555 4232 cujus

495 4283 689 4345 opera
717 4269 943 4323 utatur
972 4259 1055 4321 ad
1085 4257 1611 4341 cognoscendum
1644 4280 1775 4336 eOS,
1807 4257 1918 4340 qui
1963 4256 2439 4341 ingrediuntur,
2472 4262 2553 4321 ad

1406 4390 1447 4429 B
1483 4376 1520 4430 2
