3146 5014
1312 503 1494 547 PARS
1544 504 1770 548 NONA.
2503 494 2625 551 109

569 690 714 734 rum
767 667 1204 752 Collegiorum
1252 668 1320 760 in
1370 671 1721 733 eorundem
1784 669 2129 733 utilitatem
2179 691 2252 732 ac
2314 691 2506 732 usum
2551 693 2626 735 ea

572 779 964 857 conditione,
1008 786 1083 841 ut
1135 778 1461 862 integrum
1508 780 1594 843 sit
1652 781 1773 843 hac
1819 802 1887 844 se
1933 779 2322 864 obligatione
2369 801 2620 860 exuere,

571 889 973 954 restituendo
1003 889 1371 973 pecuniam,
1396 911 1543 972 quae
1576 890 1726 954 data
1754 890 1967 953 fuerit.
2057 890 2354 953 Alienare
2385 901 2624 969 autem,

575 1007 688 1063 aut
731 999 996 1062 omnino
1043 999 1388 1063 dissolvere
1437 1000 1727 1085 Collegia
1768 1000 1871 1064 vel
1914 1001 2165 1064 Domos
2200 1000 2338 1084 jam
2382 1009 2625 1065 erectas

580 1109 914 1174 Societatis
966 1109 1103 1171 sine
1152 1110 1435 1193 generali
1496 1110 1635 1195 ejus
1685 1111 2180 1195 congregatione
2230 1112 2625 1195 Praepositus

579 1219 913 1283 Generalis
945 1241 1078 1282 non
1109 1220 1371 1303 poterit.
1810 1273 1853 1318 „x

488 1339 528 1394 6
574 1332 676 1394 De
705 1330 786 1393 iis
817 1331 992 1407 vero,
1024 1352 1171 1413 quae
1219 1330 1526 1395 Societati
1569 1332 1663 1394 ita
1697 1330 2175 1413 relinquuntur,
2206 1344 2281 1396 ut
2324 1333 2468 1417 ipsa
2505 1354 2624 1417 pro

574 1463 691 1504 suo
724 1440 1039 1503 arbitratu
1070 1462 1146 1502 ea
1175 1439 1479 1524 disponat
1514 1441 1671 1522 (sive
1702 1441 1874 1504 bona
1919 1441 2171 1505 stabilia
2213 1443 2323 1505 illa
2367 1443 2518 1521 sint,
2551 1456 2625 1507 ut

575 1556 807 1618 domus
840 1554 1074 1637 aliqua,
1104 1553 1207 1616 vel
1250 1555 1569 1637 praedium
1603 1576 1735 1617 non
1782 1553 1971 1616 alicui
2017 1567 2191 1620 certo
2224 1555 2511 1640 Collegio
2543 1556 2624 1618 ab

573 1688 670 1744 eo,
702 1665 813 1749 qui
843 1664 1172 1747 relinquit,
1205 1664 1628 1728 determinate
1672 1662 2069 1748 applicatum
2113 1666 2217 1730 vel
2261 1688 2626 1744 annexum3

574 1777 704 1840 sive
735 1775 1018 1855 mobilia,
1050 1774 1414 1859 cujusmodi
1446 1787 1602 1838 sunt
1644 1779 1944 1860 pecunia,
1990 1776 2299 1855 triticum,
2340 1788 2404 1840 et
2449 1799 2625 1861 quae-

570 1888 667 1951 vis
715 1888 837 1950 alia
882 1886 1165 1964 mobilia,
1215 1886 1386 1949 idem
1443 1886 1778 1950 Generalis
1831 1889 2170 1973 disponere
2222 1888 2458 1972 poterit
2512 1900 2625 1951 aut

572 1999 935 2076 vendendO,
967 2009 1079 2061 aut
1119 1997 1481 2076 retinendO,
1523 2004 1638 2059 aut
1678 1998 1830 2062 huic
1874 1999 1977 2062 vel
2015 1999 2107 2062 illi
2146 1999 2288 2062 loco
2328 1999 2417 2077 id,
2449 1999 2625 2082 quod

573 2109 630 2171 ei
660 2109 1004 2187 videbitur,
1037 2108 1445 2192 applicand0,
1475 2120 1672 2192 prout
1718 2109 1800 2171 ad
1844 2110 2152 2195 majorem
2183 2110 2311 2173 Dei
2354 2110 2623 2194 gloriam

573 2219 845 2283 senserit
877 2218 1197 2304 expedire.

491 2334 527 2408 7
575 2333 663 2396 Et
707 2332 1046 2417 Praepositi
1102 2329 1555 2410 ProvincialeS,
1609 2342 1722 2394 aut
1773 2332 2029 2411 localeS,
2077 2344 2143 2397 et
2192 2334 2522 2410 RectoreS,
2559 2341 2625 2395 et

574 2442 1014 2507 Commissarii
1074 2463 1215 2505 eam
1289 2450 1540 2525 partem
1614 2441 1811 2527 hujus
1884 2443 2208 2506 facultatis
2267 2442 2623 2522 habebunt,

572 2577 767 2638 quam
798 2554 956 2639 ipsis
991 2550 1327 2616 Generalis
1360 2552 1948 2616 communicaverit.
2039 2554 2271 2636 Neque
2302 2575 2451 2616 vero
2492 2552 2623 2615 col-

571 2664 829 2749 legialcs
876 2663 959 2726 ad
1001 2661 1376 2746 hujusmodi
1430 2671 1613 2724 actus
1658 2661 2071 2746 collegialiter
2116 2673 2306 2725 erunt
2355 2683 2623 2747 congre-

574 2775 792 2859 gandi.

488 2893 525 2949 8
577 2887 759 2950 Sicut
800 2886 883 2949 ad
921 2886 1306 2950 Generalem
1348 2886 1632 2970 pertinet
1672 2907 1915 2965 curare,
1959 2894 2034 2949 ut
2077 2887 2414 2951 Societatis
2448 2886 2622 2950 Con-

573 2997 943 3061 stitutiones
975 2997 1215 3080 ubique
1249 2996 1708 3076 observentur3
1761 2998 1852 3060 ita
1891 2998 1973 3060 ad
2016 2999 2296 3061 eundem
2339 2998 2622 3082 pertine-

571 3107 688 3186 bit,
718 3109 788 3170 in
815 3110 918 3185 iic,
950 3128 1082 3188 quoe
1112 3108 1423 3185 accidunt,
1453 3100 1560 3169 ubi
1592 3088 2047 3189 dispensatione
2078 3130 2231 3190 opus
2261 3115 2375 3186 est,
2406 3110 2623 3171 habita

570 3221 816 3282 ratione
847 3238 1287 3300 personarum,
1335 3218 1630 3295 locorum,
1677 3224 2040 3299 temporum,
2073 3225 2136 3281 et
2181 3222 2452 3283 aliarum
2496 3221 2621 3282 cir-

572 3331 1091 3406 cumstantiarum,
1154 3329 1514 3408 dispensare
1536 3355 1555 3389 .·
1626 3327 1802 3409 quod
1853 3349 2093 3390 munus
2148 3349 2221 3391 ea
2268 3351 2418 3390 cum
2465 3351 2620 3412 pru-

573 3438 810 3516 dentia,
842 3460 1037 3521 quam
1084 3440 1195 3501 luoe
1236 3444 1472 3499 aeterna
1518 3436 2106 3516 communicaverit,
2151 3438 2348 3500 finem
2393 3460 2620 3502 earun-

573 3547 720 3611 dem
768 3547 1329 3611 Constitutionum
1374 3546 1713 3625 intuendO,
1755 3547 1867 3631 qui
1914 3547 2076 3610 alius
2107 3569 2240 3611 non
2271 3559 2391 3628 est,
2423 3571 2618 3632 quam

570 3658 777 3743 majus
808 3659 936 3722 Dei
967 3658 1371 3740 obsequium,
1403 3666 1469 3720 et
1499 3680 1722 3721 eorum
1753 3658 2021 3737 bonum,
2052 3660 2164 3743 qui
2207 3662 2331 3724 hoc
2361 3661 2618 3724 vivendi

569 3768 941 3832 institutum
974 3779 1356 3851 sequuntur,
1387 3769 1744 3852 praestabit.
1836 3769 2044 3851 quue
2076 3782 2209 3832 tam
2250 3769 2329 3832 de
2375 3773 2620 3851 experi-

565 3881 790 3942 mentis
833 3899 1065 3956 eorum,
1111 3877 1222 3960 qui
1253 3876 1320 3939 in
1365 3877 1854 3961 probationibus
1900 3889 2258 3958 versantur,
2300 3879 2494 3962 quam
2536 3880 2615 3942 de

566 3988 703 4051 aliis
755 3988 973 4067 rebuS,
1025 3988 1094 4050 in
1143 3986 1378 4070 quibus
1427 4009 1568 4049 eam
1616 3987 1813 4050 fuisse
1874 3999 2159 4052 mentem
2208 4011 2452 4067 eorum,
2505 3989 2618 4072 qui

567 4098 1086 4164 Constitutiones
1133 4096 1583 4175 condiderunt,
1621 4099 1703 4161 ad
1750 4098 2018 4183 gloriam
2054 4100 2181 4164 Dei
2227 4122 2302 4164 ac
2348 4100 2616 4165 Domini

567 4210 771 4273 nostri
806 4209 1228 4294 judicabitur,
1260 4208 1507 4272 dictum
1540 4208 1645 4273 sit.
