3146 5014
1352 485 1533 528 PARS
1585 486 1810 529 NONA.
2498 474 2616 530 115

568 647 679 734 qui
711 648 1118 727 discretione,
1149 670 1222 711 ac
1263 650 1399 711 zelo
1445 650 1809 712 communis
1851 650 2007 712 boni
2041 648 2378 713 Societatis
2422 651 2622 735 polle-

567 772 702 839 ant,
762 759 1155 823 constituat:
1227 759 1361 824 Qui
1420 759 1682 842 quidem
1747 761 1924 844 apud
1995 759 2423 844 Praepositum
2484 782 2618 823 ma-

569 881 822 949 nentes,
857 869 928 932 in
974 881 1331 953 conspectu
1362 869 1686 933 Creatoris
1728 892 1801 933 ac
1848 869 2118 933 Domini
2164 870 2264 933 sui
2302 869 2510 933 dicere
2548 893 2621 934 ac

571 983 839 1059 efficere,
886 980 1197 1063 quicquid
1236 980 1405 1044 circa
1448 981 1570 1044 tria
1609 982 1820 1065 prima
1864 982 1933 1044 in
1978 981 2372 1065 praecedenti
2412 982 2622 1067 capite

572 1093 743 1156 dicta
772 1091 855 1155 ad
885 1090 1192 1175 majorem
1222 1092 1351 1155 Dei
1380 1091 1651 1176 gloriam
1682 1093 1816 1156 fore
1849 1091 2166 1156 senserint
2198 1104 2560 1157 teneantur.

482 1210 522 1265 3
572 1202 823 1265 Electio
883 1224 1033 1265 vero
1095 1212 1373 1285 quatuor
1446 1202 1823 1286 hujusmodi
1898 1202 2338 1266 assistentium
2399 1225 2621 1267 eorum

569 1315 709 1392 erit,
751 1314 863 1397 qui
906 1314 1334 1398 Praepositum
1381 1314 1643 1398 eligent,
1680 1315 1940 1399 quando
1986 1317 2069 1380 ad
2112 1316 2181 1379 id
2224 1338 2624 1400 congregan-

571 1439 694 1489 tur.
811 1427 1008 1492 Quod
1068 1426 1124 1489 si
1196 1426 1298 1490 vel
1369 1437 1644 1490 mortem
1706 1427 1933 1506 obiret,
2006 1428 2109 1491 vel
2168 1450 2206 1490 a
2268 1427 2622 1512 Praeposito

572 1537 874 1601 Generali
919 1538 1164 1601 diutius
1214 1538 1435 1602 abesse
1487 1550 1753 1623 propter
1805 1561 2030 1603 causas
2079 1561 2304 1624 graves
2343 1540 2621 1623 aliquem

568 1648 858 1732 ipsorum
907 1659 1274 1732 oporteret3
1343 1671 1476 1712 non
1535 1648 2053 1733 repugnantibus
2116 1649 2621 1714 Provincialibus

571 1759 934 1838 SocietatiS,
985 1760 1381 1845 Praepositus
1433 1759 1770 1823 Generalis
1831 1759 2029 1823 alium
2090 1760 2462 1836 substituet,
2511 1761 2622 1843 qui

570 1894 720 1935 cum
769 1872 1233 1956 approbatione
1282 1872 1597 1951 omnium,
1658 1873 1760 1936 vel
1817 1872 2077 1957 majoris
2137 1874 2339 1958 partis
2400 1895 2621 1937 eorum

567 1982 856 2045 manebit
884 1982 954 2045 in
985 1982 1305 2046 demortui
1334 1983 1436 2045 vel
1466 1982 1751 2046 absentis
1782 1983 1944 2046 loco,

481 2102 523 2157 4
569 2092 786 2157 Tertio
821 2092 875 2155 si
907 2093 1221 2156 accideret
1252 2093 1513 2176 aliquod
1555 2116 1634 2156 ex
1676 2094 1959 2177 peccatis
1998 2094 2265 2175 (avertat
2309 2093 2378 2156 id
2408 2094 2616 2176 Deus)

571 2227 716 2288 quae
771 2204 1104 2268 sufficiunt
1151 2204 1234 2267 ad
1288 2203 1718 2289 Praepositum
1772 2204 1981 2268 officio
2027 2227 2146 2268 suo
2194 2203 2621 2289 privandum:

571 2314 764 2378 simul
812 2323 1005 2398 atque
1065 2337 1167 2378 res
1227 2337 1343 2399 per
1390 2314 1763 2378 testimonia
1810 2314 2217 2393 sufficientia,
2265 2315 2367 2378 vel
2415 2316 2620 2401 ipsius

569 2425 1058 2490 affirmationem
1100 2437 1425 2490 constaret
1442 2451 1462 2505 3
1519 2426 1891 2511 juramento
1936 2426 2426 2510 obstringantur
2466 2449 2623 2511 qua-

570 2548 719 2601 tuor
756 2536 1131 2601 assistentes
1181 2536 1264 2600 ad
1310 2537 1379 2600 id
1427 2535 1733 2600 Societati
1779 2536 2324 2615 denunciandum,
2368 2548 2434 2600 et
2474 2559 2623 2600 cum

573 2649 889 2727 omnium,
934 2649 1037 2712 vel
1090 2655 1259 2711 certe
1305 2647 1502 2711 trium
1550 2646 2134 2731 subscriptionibus
2181 2648 2624 2732 congregatio-

570 2782 742 2839 nem,
782 2759 852 2822 id
892 2771 992 2823 est
1043 2758 1432 2843 Praepositos
1476 2758 1904 2822 Provinciales
1957 2781 2107 2822 cum
2162 2759 2415 2822 duobus
2461 2759 2622 2838 aliis,

573 2892 735 2953 quos
768 2869 1008 2954 singuli
1039 2892 1116 2933 ex
1149 2890 1266 2932 sua
1297 2868 1635 2932 Provincia
1678 2891 1897 2933 secum
1944 2869 2269 2933 adducent
2304 2870 2438 2953 (qui
2469 2893 2624 2934 con-

574 2981 824 3067 gregari
854 2980 1272 3062 tenebuntur)
1310 2981 1812 3044 convocandam.
1905 2981 1996 3044 Et
2041 2982 2094 3044 si
2138 3003 2240 3045 res
2271 2982 2622 3067 divulgata,

574 3101 638 3154 et
667 3090 1098 3154 communiter
1126 3090 1469 3154 manifesta
1512 3102 1724 3167 esset3
1786 3113 1919 3153 non
1965 3099 2302 3175 expectata
2345 3105 2624 3175 quatuor

574 3200 1014 3265 assistentium
1045 3201 1525 3279 convocatione,
1553 3200 1982 3264 Provinciales
2008 3201 2112 3262 alii
2144 3201 2301 3265 alios
2331 3203 2621 3265 vocando

572 3311 911 3376 convenire
961 3311 1305 3375 deberent:
1370 3312 1461 3375 Et
1495 3312 1640 3395 ipso
1687 3311 1895 3395 primo
1949 3310 2073 3388 die,
2123 3333 2251 3393 quo
2288 3311 2357 3373 in
2404 3311 2621 3374 locum

574 3422 948 3507 hujusmodi
977 3422 1492 3507 congregationis
1522 3421 1987 3507 ingredientur,
2017 3421 2131 3484 ubi
2161 3422 2436 3484 aderunt
2465 3445 2624 3506 qua-

576 3544 724 3597 tuor
764 3533 878 3612 illi,
919 3534 1030 3618 qui
1072 3545 1530 3612 convocarunt,
1571 3555 1723 3597 cum
1763 3532 1902 3597 aliis
1943 3533 2371 3619 congregatiS,
2400 3556 2537 3597 rem
2571 3535 2622 3597 is
2693 3529 2705 3536 ”

576 3646 1008 3733 aggrediatur,
1031 3648 1138 3711 cui
1168 3648 1386 3712 omnia
1415 3647 1668 3711 notiora
1699 3658 1874 3726 sunt,
1892 3659 1959 3711 et
1989 3649 2312 3712 accusatio
2344 3648 2623 3712 dilucide

572 3757 971 3843 explicetur3
1017 3779 1147 3842 qua
1176 3759 1416 3838 audita,
1450 3759 1845 3843 Praepositus
1889 3759 2059 3821 foras
2105 3757 2468 3843 egredietur
2485 3783 2505 3837 3
2560 3770 2625 3821 et

572 3868 1063 3952 antiquissimus
1094 3891 1173 3932 ex
1206 3869 1713 3933 Provincialibus
1746 3868 1939 3932 simul
1969 3890 2118 3930 cum
2154 3867 2528 3948 SecretariO,
2560 3881 2625 3934 et

571 3979 695 4043 alio
725 3979 1068 4044 assistente
1101 3981 1180 4043 de
1211 3988 1349 4044 tota
1377 4003 1445 4043 re
1478 3979 1863 4043 scrutinium
1893 3978 2106 4058 faciat,
2138 3990 2202 4043 et
2235 3979 2447 4063 primo
2482 3980 2623 4063 qui-

573 4089 743 4168 dem,
790 4112 875 4153 an
916 4099 1171 4154 constet
1219 4092 1300 4154 de
1352 4103 1642 4175 peccat0,
1683 4091 1859 4173 quod
1900 4089 2222 4173 objicitur,
2266 4091 2498 4154 deinde
2541 4114 2623 4154 an

570 4199 946 4284 hujusmodi
997 4201 1101 4279 sit,
1142 4214 1216 4265 ut
1268 4213 1533 4286 propter
1577 4202 1643 4264 id
1691 4201 1927 4285 privari
1968 4202 2176 4266 officio
2230 4203 2500 4279 debeat3
2562 4213 2626 4264 et
