3146 5014
1237 538 1421 582 PARS
1470 538 1793 586 QUARTA.
2509 528 2594 586 39

460 715 503 768 4
549 704 773 788 Aliqui
838 704 1223 789 (cujusmodi
1299 694 1435 770 esse
1495 719 1764 790 possent
1825 705 2248 791 coadjutores
2307 707 2422 786 illi,
2483 708 2596 792 qui

549 817 760 900 legere
824 838 955 880 non
1016 815 1403 898 didicerunt)
1468 829 1706 901 praeter
1763 819 2061 898 Missam,
2121 820 2347 883 horam
2400 818 2593 882 etiam

550 946 749 990 unam
793 927 1122 990 recitando
1170 928 1438 991 Rosario
1480 929 1584 992 vel
1616 929 1888 992 Coronae
1934 929 2155 993 Beatae
2189 930 2417 992 Mariae
2448 930 2594 992 Vir-

554 1039 723 1123 ginis
754 1060 903 1101 cum
935 1038 1177 1123 duplici
1207 1039 1499 1102 examine
1531 1041 1930 1124 quotidiano,
1961 1041 2062 1104 vel
2107 1041 2245 1104 aliis
2291 1041 2594 1104 orationi-

552 1150 676 1212 bus
715 1170 834 1234 pro
880 1149 1192 1234 cujusque
1239 1150 1601 1228 devotione,
1653 1162 1728 1214 ut
1763 1152 1843 1214 de
1890 1151 2303 1215 Scholasticis
2345 1151 2592 1215 dictum

552 1272 671 1340 est,
700 1260 1101 1344 impendent.

466 1381 500 1433 5
551 1371 656 1433 Ad
697 1371 1057 1435 devotionis
1102 1383 1546 1456 augmentum,
1593 1384 1657 1436 et
1698 1373 1780 1436 ad
1824 1372 2228 1436 excitandam
2284 1395 2413 1456 qua
2453 1373 2595 1435 Deo

553 1481 845 1545 obstricti
894 1494 1071 1561 sunt,
1131 1482 1540 1567 obligationis
1593 1484 1990 1563 memoriam,
2043 1495 2107 1548 et
2156 1485 2237 1547 ad
2284 1483 2591 1568 majorem

555 1594 956 1657 studentium
999 1593 1065 1656 in
1114 1614 1231 1656 sua
1263 1594 1598 1658 vocatione
1643 1595 2220 1673 confirmationem,
2255 1596 2356 1658 bis
2406 1596 2592 1658 annis

557 1704 849 1789 singulis,
876 1705 946 1768 in
975 1704 1156 1768 festis
1194 1705 1492 1769 videlicet
1524 1705 2059 1785 ResurrectioniS,
2091 1728 2164 1769 ac
2196 1706 2593 1782 Nativitatis,

555 1819 861 1898 simplicia
910 1824 1079 1894 vota,
1131 1838 1276 1901 quae
1327 1817 1519 1902 juxta
1563 1817 1907 1881 formulam
1967 1817 2035 1880 in
2091 1818 2340 1883 Quinta
2390 1818 2600 1894 Parte,

557 1928 764 2013 capite
797 1928 914 1992 IV.
947 1928 1287 1992 dicendam
1318 1927 1691 2006 emiserunt,
1724 1950 2085 2014 congruum
2116 1928 2236 1991 erit
2278 1949 2596 1992 renovare.

555 2039 645 2102 Et
675 2040 787 2123 qui
818 2061 892 2103 ea
932 2062 1064 2103 non
1105 2039 1445 2118 emisisset,
1486 2051 1710 2103 exacto
1755 2039 2014 2104 biennio
2058 2039 2479 2124 probationiS,
2524 2051 2599 2102 ut

553 2150 621 2212 in
653 2151 968 2214 Examine
999 2150 1404 2236 proponitur,
1435 2150 1707 2214 emittet.

468 2271 510 2327 6
557 2264 725 2328 Οἰιῐῐι
775 2264 857 2328 ad
906 2264 1201 2349 publicas
1247 2264 1514 2328 Scholas
1563 2264 1851 2327 eundum
1905 2264 2026 2327 erit
2080 2266 2253 2348 (nam
2300 2264 2423 2327 alia
2459 2263 2601 2327 loca

556 2374 807 2460 injussu
842 2375 1259 2460 Superiorum
1291 2398 1424 2439 non
1455 2376 1705 2460 petent)
1743 2387 1893 2439 eant
1923 2386 1988 2439 et
2017 2375 2284 2439 redeant
2322 2374 2597 2439 invicem

557 2486 855 2551 associati
887 2509 1035 2550 cum
1068 2509 1142 2550 ea
1181 2486 1498 2550 modestia
1538 2487 1826 2552 interiori
1873 2510 1946 2552 ac
1991 2487 2310 2566 exteriori,
2341 2507 2488 2570 quae
2519 2482 2602 2549 ad

559 2598 659 2661 sui
689 2609 753 2661 et
784 2598 1054 2662 aliorum
1086 2598 1579 2662 aedificationem
1610 2599 1993 2676 conveniat3
2038 2610 2104 2661 et
2150 2620 2372 2661 eorum
2404 2596 2600 2661 collo-

557 2711 709 2795 quia
743 2732 893 2774 cum
940 2710 1354 2775 Scholasticis
1394 2711 1675 2774 externis
1725 2711 1855 2773 sint
1909 2710 2117 2773 solum
2157 2711 2237 2773 de
2280 2709 2474 2773 rebus
2520 2710 2626 2773 ad.

556 2822 800 2885 litteras
840 2822 943 2886 vel
992 2815 1356 2907 profectum
1393 2822 1659 2907 spiritus
1704 2820 2223 2907 pertinentibus3
2280 2832 2476 2905 prout
2520 2821 2603 2884 ad

557 2933 863 3017 majorem
897 2933 1021 2997 Dei
1051 2934 1321 3018 gloriam
1353 2934 1655 2997 omnibus
1686 2934 1910 2997 utilius
1940 2934 2074 2997 fore
2108 2932 2529 3018 judicabitur.

690 3231 784 3273 DE
820 3227 1221 3285 DOCTRINA,
1255 3227 1380 3271 CUI
1417 3227 1896 3271 scnoLASTlm
1927 3226 2348 3272 SOCIETATIS

1178 3338 1511 3381 sTUDERE
1547 3338 1865 3380 DEBENT.

1357 3440 1552 3504 CAP.
1600 3440 1682 3502 V.

477 3577 509 3631 1
565 3568 722 3631 Cfm
785 3567 1115 3646 doctrinae,
1175 3588 1321 3651 quae
1380 3566 1450 3629 in
1509 3565 1631 3628 hac
1695 3562 2012 3627 Societate
2074 3562 2448 3644 addiscitur,
2496 3564 2601 3628 hic

563 3701 797 3764 scopus
828 3679 931 3759 sit,
972 3679 1106 3742 suis
1148 3689 1212 3741 et
1260 3676 1700 3762 proximorum
1748 3674 1978 3738 animis
2009 3669 2143 3739 'Dei
2180 3675 2395 3740 favore
2434 3677 2604 3761 aspi-

556 3802 738 3855 rante
766 3791 1072 3876 prodesse
1096 3816 1115 3868 3
1159 3790 1300 3852 haec
1332 3789 1453 3852 erit
1480 3789 1543 3851 in
1579 3788 1953 3851 universum
1984 3795 2049 3847 et
2092 3786 2160 3846 in
2205 3785 2605 3870 particulari-

553 3903 678 3966 bus
716 3901 1011 3987 personis
1062 3919 1386 3978 mensura,
1435 3921 1513 3962 ex
1566 3919 1696 3981 qua
1747 3894 1985 3978 quibus
2029 3887 2447 3958 facultatibus
2489 3898 2602 3959 ad-

554 4014 876 4077 discendis
907 4011 1114 4076 nostri
1144 4008 1538 4086 incumbere,
1570 4018 1635 4069 et
1680 4017 2016 4090 quousque
2061 4004 2130 4067 in
2171 4005 2262 4068 eis
2301 4008 2604 4092 progredi
2659 4081 2664 4085 ,

552 4126 851 4204 debeant,
871 4133 1211 4188 statuatur.
1301 4121 1391 4183 Et
1432 4118 1585 4203 quia
1614 4118 1969 4203 generatim
1997 4117 2345 4201 loquendo,
2374 4119 2601 4183 litterae

550 4239 965 4304 humaniores
997 4237 1390 4303 diversarum
1419 4232 1812 4317 lin-guarum,
1845 4231 2087 4316 Logica
2116 4230 2363 4311 itidem,
2390 4234 2598 4296 Natu-

1460 4366 1505 4407 D
1541 4352 1579 4406 2
