3146 5014
1242 505 1425 549 PARS
1474 505 1800 554 QUAM-A.
2539 493 2616 549 61

566 673 774 758 ipsius
804 671 1090 736 officium
1114 671 1598 756 pertinentibus
1629 693 1780 736 eum
1814 671 2078 756 juvare,
2094 683 2159 734 et
2204 693 2356 734 cum
2385 672 2623 755 quibus

567 785 728 869 ipse,
761 804 909 867 quae
941 791 1096 845 sunt
1126 782 1387 866 majoris
1418 782 1756 861 momenti,
1786 789 2059 846 tractare
2090 783 2317 866 possit.

482 903 519 959 2
569 894 715 958 Erit
745 904 812 957 et
843 892 1305 971 Cancellarius,
1335 893 1434 956 vir
1462 893 1531 956 in
1576 892 1807 956 litteris
1854 892 2107 978 egregie
2150 900 2465 971 versatuS,
2510 893 2623 976 qui

568 1005 723 1069 Zelo
767 1004 964 1082 bone,
1009 1015 1074 1067 et
1112 1003 1362 1088 judicio
1402 1005 1485 1067 ad
1529 1026 1626 1082 ea,
1671 1026 1817 1088 quae
1864 1013 2019 1067 sunt
2050 1003 2108 1067 ei
2138 1003 2623 1084 committenda,

569 1116 855 1201 polleat:
931 1113 1118 1200 cujus
1179 1115 1264 1178 sit
1336 1138 1601 1194 munus,
1674 1116 1970 1200 generale
2017 1115 2324 1179 *Rectoris
2384 1115 2626 1180 instru-

567 1235 866 1291 mentum
897 1249 1036 1291 esse
1068 1227 1151 1291 ad
1196 1227 1411 1292 studia
1452 1228 1618 1292 bene
1650 1227 2028 1306 ordinanda,
2059 1238 2125 1291 et
2154 1228 2625 1313 disputationes

570 1340 637 1403 in
674 1339 928 1403 actibus
972 1339 1253 1424 publicis
1299 1339 1692 1424 dirigendae,
1735 1351 1800 1402 et
1846 1340 1930 1402 ad
1974 1339 2496 1420 discernendum,
2541 1362 2624 1404 an

572 1453 897 1517 sufficiens
950 1453 1244 1517 doctrina
1296 1453 1381 1517 sit
1440 1475 1687 1532 eorum,
1748 1453 1860 1536 qui
1922 1454 2002 1517 ad
2048 1465 2232 1518 actus
2277 1465 2341 1518 et
2386 1455 2625 1539 gradus

576 1566 762 1647 (quos
793 1563 1055 1647 quidem
1086 1563 1362 1649 ipsemet
1393 1564 1595 1646 dabit)
1633 1574 1788 1628 sunt
1819 1564 2226 1629 admittendi.

476 1685 523 1740 ‘3
576 1676 675 1739 Sit
705 1675 1099 1741 Secretarius
1145 1697 1226 1739 ex
1270 1676 1493 1739 eadem
1542 1675 1885 1754 Societate,
1930 1675 2044 1759 qui
2085 1675 2325 1741 librum
2369 1676 2627 1758 habeat,

573 1785 686 1850 ubi
734 1786 1022 1850 omnium
1077 1786 1646 1863 scholasticorum,
1694 1786 1808 1871 qui
1858 1786 2125 1850 Scholas
2186 1786 2444 1851 assidue
2502 1788 2628 1852 fre-

575 1910 912 1984 quentant,
942 1899 1208 1964 nomina
1238 1900 1624 1980 scribantur,
1644 1899 1884 1983 quique
1915 1921 2139 1964 eorum
2170 1900 2627 1986 promissiones

577 2012 656 2075 de
705 2011 1074 2075 obedientia
1134 2011 1396 2075 Rectori
1454 2011 1847 2096 praestanda,
1905 2022 1971 2075 et
2032 2010 2628 2077 constitutionibus

571 2121 988 2185 observandis
1040 2122 1225 2205 (quas
1284 2121 1561 2207 ipsemet
1605 2121 1949 2206 proponet)
2001 2121 2351 2201 admittat3
2425 2134 2490 2187 et
2544 2123 2629 2187 si-

575 2232 804 2317 gillum
855 2233 1170 2312 RectoriS,
1223 2244 1288 2297 et
1338 2233 1797 2298 Universitatis
1856 2232 2138 2298 habeat:
2203 2255 2350 2319 quae
2410 2245 2629 2299 tamen

573 2344 789 2407 omnia
819 2344 958 2408 sine
989 2345 1138 2408 ullis
1170 2345 1471 2430 expensis
1504 2345 2053 2410 Scholasticorum
2084 2347 2264 2410 fient.

489 2464 528 2520 4
578 2456 726 2520 Erit
768 2467 835 2521 et
866 2456 1201 2536 NotariuS,
1232 2465 1308 2521 ut
1338 2458 1551 2521 fidem
1594 2457 1926 2543 publicam
1969 2458 2164 2522 faciat
2199 2459 2280 2523 de
2312 2459 2630 2545 susceptis

575 2567 906 2652 gradibus,
951 2580 1015 2632 et
1061 2567 1222 2647 aliis,
1255 2590 1400 2652 quae
1432 2580 1792 2632 occurrent.
1885 2568 2033 2632 Sint
2075 2582 2141 2633 et
2186 2569 2339 2647 duo,
2369 2569 2472 2633 vel
2500 2580 2630 2634 tres

578 2679 833 2759 Bidelli,
878 2702 1051 2744 unus
1089 2681 1172 2746 ad
1219 2680 1545 2743 facultatis
1585 2680 1979 2764 linguarum,
2025 2673 2186 2744 alter
2227 2681 2312 2744 ad
2347 2680 2631 2761 Artium,

577 2791 808 2855 tertius
839 2791 923 2854 ad
951 2791 1320 2875 Theologiae
1351 2791 1720 2856 functiones
1751 2792 2132 2856 destinatus

494 2909 530 2964 5
581 2903 661 2965 In
721 2903 840 2966 has
908 2914 1038 2966 tres
1112 2902 1451 2966 facultates
1516 2901 1919 2966 Universitas
1990 2902 2363 2982 dividetur3
2439 2913 2505 2967 et
2563 2903 2633 2967 in

582 3013 807 3097 quavis
852 3035 1076 3078 earum
1123 3013 1206 3077 sit
1252 3015 1582 3093 Decanus,
1627 3025 1692 3077 et
1738 3015 1869 3077 duo
1914 3014 2020 3077 alii
2051 3014 2395 3099 Designati
2425 3037 2505 3078 ex
2532 3015 2634 3096 iis,

583 3124 695 3207 qui
749 3124 980 3188 melius
1033 3146 1134 3188 res
1183 3124 1508 3188 facultatis
1560 3123 1734 3188 illius
1788 3124 2064 3203 callent3
2128 3125 2238 3209 qui
2280 3126 2316 3189 a
2360 3121 2635 3190 Rectore

582 3234 792 3299 vocati
842 3235 1099 3320 possint
1159 3234 1391 3313 dicere,
1444 3235 1602 3319 quid
1656 3234 1939 3298 sentiant
1991 3236 2072 3298 ad
2126 3257 2259 3298 suae
2310 3236 2636 3300 facultatis

585 3345 831 3410 bonum
878 3347 1256 3412 convenire:
1323 3358 1389 3410 et
1444 3347 1497 3409 si
1542 3346 1702 3430 quid
1749 3347 1875 3409 tale
1919 3346 1988 3409 in
2033 3358 2320 3411 mentem
2367 3348 2637 3427 venerit,

590 3457 749 3519 dum
791 3457 960 3522 inter
997 3479 1063 3521 se
1109 3459 1189 3521 de
1234 3457 1609 3542 hujusmodi
1653 3456 1846 3520 rebus
1892 3463 2118 3541 agunt,
2149 3457 2232 3520 ad
2275 3458 2637 3539 Rectorem,

591 3569 862 3652 quanvis
892 3592 1025 3634 non
1053 3580 1386 3648 vocentur,
1415 3568 1713 3632 referent.

500 3687 540 3743 6
591 3680 672 3742 In
732 3680 926 3743 rebus
978 3702 1125 3764 quae
1186 3680 1270 3743 ad
1329 3679 1531 3743 solam
1590 3702 1789 3744 unam
1858 3680 2231 3745 facultatem
2290 3681 2641 3765 pertinent,

586 3790 843 3855 vocabit
872 3792 1132 3870 Rector,
1162 3802 1397 3875 praeter
1429 3790 1902 3854 Cancellarium
1941 3801 2006 3853 et
2038 3812 2189 3854 suos
2220 3790 2641 3871 AssistenteS,

590 3905 929 3967 Decanum
978 3903 1171 3966 etiam
1225 3913 1291 3966 et
1339 3902 1735 3987 Designatos
1789 3901 1961 3990 illius
2005 3901 2367 3965 facultatis:
2428 3902 2497 3964 in
2541 3902 2641 3983 iis,

590 4035 735 4096 quae
777 4014 860 4077 ad
900 4036 1126 4078 omnes
1171 4013 1523 4100 pertinent,
1565 4011 1815 4076 Decani
1860 4023 1925 4077 ct
1962 4011 2304 4097 Designati
2349 4012 2641 4077 omnium

590 4138 922 4190 vocentur.
1015 4126 1106 4190 Et
1137 4126 1192 4190 si
1224 4125 1484 4190 Rectori
1514 4124 1726 4190 visum
1757 4125 1951 4190 fuerit
1991 4137 2056 4190 et
2102 4124 2256 4189 alios
2303 4126 2382 4189 de
2430 4126 2645 4192 Socie-

599 4248 750 4317 tate,
782 4237 885 4302 vel
917 4249 1098 4302 extra
1128 4261 1268 4303 eam
1315 4239 1398 4302 ad
1431 4238 2019 4323 congregationem
2063 4259 2311 4317 vocare,
2341 4239 2546 4303 facere
2579 4237 2647 4301 id
