3146 5014
539 500 622 556 20

576 3913 610 3984 7

1293 512 1940 558 CONSTITUTIONUM

668 700 811 761 quae
852 677 928 739 iis
981 689 1056 740 ut
1104 678 1441 742 Societatis
1487 679 1794 742 membris
1839 701 2161 742 concessae
2206 681 2483 758 fuerant,
2530 682 2723 746 simul

666 801 857 872 atque
889 790 1179 852 membra
1208 811 1345 852 esse
1378 790 1705 868 desierint,
1737 801 1991 853 constat
2023 813 2291 855 cessare.

667 900 1047 964 Declaretur
1089 901 1191 979 iis,
1236 900 1347 984 qui
1389 901 1830 979 dimittuntur,
1876 902 2053 984 quod
2096 903 2365 967 absoluti
2417 917 2720 969 maneant

665 1012 702 1074 a
730 1011 898 1074 votis
930 1011 1354 1096 simplicibuS,
1386 1013 1440 1075 si
1486 1034 1560 1077 ea
1593 1011 1786 1096 juxta
1827 1012 2170 1076 formulam
2218 1014 2525 1078 Societati
2567 1037 2720 1078 con-

667 1135 916 1185 suetam
953 1125 1121 1206 (quae
1151 1123 1219 1186 in
1251 1123 1478 1206 quinta
1506 1135 1689 1208 parte
1718 1123 2063 1205 videbitur)
2101 1124 2469 1203 emiserint3
2516 1126 2720 1209 quod-

666 1257 790 1319 que
821 1238 992 1298 nulla
1024 1238 1153 1298 alia
1184 1237 1640 1318 dispensatione
1670 1238 2012 1318 indiyeant.

664 1348 771 1411 Ad
801 1370 911 1410 eos
942 1348 1367 1426 reducendOS,
1399 1348 1511 1431 qui
1543 1348 1680 1410 sine
1725 1348 1987 1411 licentia
2029 1349 2423 1427 recederent,
2456 1349 2510 1412 si
2538 1349 2720 1433 prius

664 1482 896 1543 parum
926 1459 1142 1522 idonei
1174 1459 1257 1521 ad
1290 1459 1677 1522 Societatem
1706 1459 2135 1538 habebantur,
2167 1460 2344 1522 nulla
2388 1459 2722 1543 diligentia

663 1593 829 1655 opus
860 1570 1017 1649 erit3
1065 1571 1179 1633 sed
1209 1570 1426 1654 potius
1459 1570 1821 1654 dirigantur
1851 1571 1934 1634 ad
1965 1571 2140 1634 aliud
2172 1571 2571 1649 institutum,
2603 1573 2718 1635 ubi

663 1684 806 1746 Deo
848 1682 1081 1746 servire
1126 1682 1402 1766 possint,
1454 1685 1762 1746 relaxatis
1812 1687 1994 1762 votis,
2042 1683 2097 1746 si
2136 1705 2211 1746 ea
2250 1682 2599 1762 emiserint,
2643 1694 2717 1746 ut

661 1816 886 1857 omnes
919 1793 1206 1877 scrupuli
1237 1793 1328 1857 eis
1359 1793 1744 1857 eximantur.

664 1908 735 1971 Si
769 1907 1144 1991 hujusmodi
1189 1918 1427 1984 essent,
1458 1918 1533 1969 ut
1566 1908 1709 1969 Deo
1756 1917 2014 1989 gratum
2059 1906 2193 1968 fore
2238 1906 2565 1969 videretur
2608 1928 2716 1970 eos

660 2012 792 2082 non
855 2018 945 2082 sic
1005 2019 1386 2101 relinquere,
1446 2015 1794 2101 praecipue,
1855 2015 1909 2077 si
1958 2037 2036 2078 ex
2088 2014 2302 2098 aliqua
2351 2017 2719 2080 vehementi

661 2129 1038 2208 tentatione,
1088 2140 1199 2192 aut
1248 2128 1327 2190 ab
1381 2126 1520 2188 aliis
1576 2125 1829 2208 decepti
1882 2125 2122 2209 egressi
2167 2124 2531 2205 videantur,
2576 2127 2718 2190 dili-

659 2241 879 2325 gentia
909 2238 1199 2302 adhiberi
1230 2238 1312 2300 ad
1343 2258 1451 2299 eos
1481 2235 1884 2299 reducendos
1929 2235 2168 2319 poterit
2192 2260 2210 2314 3
2258 2248 2322 2299 et
2367 2237 2717 2321 privilegiis

660 2351 743 2413 ad
794 2350 1127 2434 negotium
1188 2347 1563 2431 hujusmodi
1633 2345 1955 2410 concessis
2016 2347 2052 2408 a
2112 2348 2261 2410 sede
2322 2348 2718 2431 Apostolica,

659 2472 979 2547 quantum
1013 2459 1340 2545 Superiori
1370 2458 1438 2523 in
1471 2458 1758 2528 Domino
1788 2457 2132 2538 videbitur,
2162 2458 2259 2523 uti
2289 2459 2527 2523 licebit.
2627 2459 2716 2523 Et

659 2576 807 2638 cum
840 2573 1069 2658 aliquis
1100 2574 1332 2636 horum
1366 2572 1457 2636 sic
1497 2572 1806 2635 reductus
1853 2583 2044 2650 esset,
2091 2572 2535 2636 committetur
2562 2594 2717 2656 pru-

663 2687 898 2750 dentiae
930 2685 1219 2769 ejusdem
1253 2682 1655 2768 Superioris3
1701 2694 1776 2745 ut
1805 2682 2041 2761 videat,
2074 2704 2234 2745 num
2283 2682 2715 2746 satisfactione

658 2799 872 2880 aliqua
918 2820 1083 2880 opus
1137 2798 1242 2874 sit,
1296 2819 1378 2858 an
1426 2795 1659 2859 melius
1701 2795 1965 2858 omnino
2027 2807 2306 2874 censeat,
2367 2796 2436 2858 in
2485 2795 2717 2879 spiritu

658 2907 1177 2971 mansuetudinis
1208 2907 1584 2990 procedere3
1631 2927 1759 2989 qua
1786 2906 1855 2968 in
1887 2928 1954 2970 re
1987 2918 2051 2969 et
2083 2907 2243 2990 ejus,
2268 2907 2380 2988 qui
2409 2906 2715 2969 reductus

658 3031 778 3096 est,
809 3019 1078 3096 bonum,
1109 3028 1173 3080 et
1204 3016 1542 3080 aedificatio
1576 3017 2076 3080 domesticorum
2109 3015 2460 3099 spectanda
2492 3026 2610 3078 est.

661 3130 731 3193 Si
783 3129 929 3212 quis
983 3139 1213 3213 sponte
1276 3149 1393 3190 sua
1451 3127 1535 3190 ad
1585 3127 1971 3210 Collegium,
2030 3125 2132 3189 vel
2193 3125 2480 3203 domum,
2541 3126 2717 3189 unde

660 3241 796 3303 sine
836 3240 1141 3302 facultate
1192 3250 1562 3316 recesserat,
1615 3236 1871 3314 rediret,
1914 3248 1978 3299 et
2026 3235 2264 3318 alioqui
2316 3235 2588 3299 idoneus
2635 3238 2718 3300 ad

660 3353 802 3415 Deo
827 3350 1233 3414 serviendum
1259 3349 1325 3412 in
1346 3372 1421 3412 ea
1439 3347 1872 3432 judicaretur3
1905 3345 2445 3409 considerandum
2466 3347 2608 3425 erit,
2633 3370 2714 3410 an

655 3486 873 3527 veram
917 3461 1368 3546 perseverandi
1411 3460 1813 3523 voluntatem
1854 3457 2097 3535 afferat,
2129 3468 2193 3521 et
2224 3478 2306 3520 an
2340 3457 2422 3520 sit
2452 3470 2716 3542 paratus

659 3576 742 3638 ad
772 3574 1065 3656 quamvis
1097 3572 1600 3637 satisfactionem
1623 3581 1689 3635 et
1717 3569 2203 3655 probationem:
2239 3571 2415 3654 quod
2446 3570 2500 3633 si
2532 3592 2714 3634 secus

658 3696 850 3764 esset,
868 3696 944 3749 ut
975 3685 1086 3769 qui
1115 3708 1282 3749 verae
1313 3682 1711 3769 poenitentiae
1745 3682 1931 3766 signa
1960 3705 2093 3746 non
2125 3682 2431 3759 ostendit,
2462 3680 2717 3745 admitti

658 3820 791 3861 non
824 3795 1197 3860 merebitur.

661 3910 751 3988 Si,
793 3909 905 3992 qui
949 3908 1074 3971 fuit
1118 3906 1348 3970 merito
1394 3903 1723 3982 dimissus,
1769 3904 1852 3967 ad
1892 3903 2162 3967 eandem
2212 3903 2501 3982 domum,
2542 3903 2713 3967 unde

660 4021 966 4084 dimissus
998 4031 1117 4097 est,
1147 4017 1404 4095 rediret,
1436 4017 1518 4080 ad
1549 4016 1842 4101 quamvis
1876 4015 2377 4079 satisfactionem
2409 4028 2670 4100 paratus
2695 4041 2714 4093 3

666 4130 735 4193 Si
789 4132 1001 4194 adhuc
1052 4129 1293 4193 eaedem
1341 4128 1647 4207 rationeS,
1699 4139 1965 4212 propter
2009 4147 2167 4211 quas
2215 4127 2341 4190 fuit
2389 4126 2715 4204 dimissuS,

657 4255 1035 4322 manerent3
1084 4240 1501 4326 perspicuum
1546 4252 1667 4318 est,
1713 4262 1846 4302 non
1892 4262 2030 4304 esse
2076 4238 2588 4304 admittendum:
2645 4238 2716 4302 Si
