3146 5014
1240 506 1422 548 PARS
1474 506 1737 548 PRIMA.
2548 496 2587 550 9

522 673 629 736 alii
675 692 809 735 non
853 680 1132 756 possunt
1179 671 1316 733 sine
1364 670 1755 733 detrimento
1799 668 2060 754 majoris
2091 670 2271 752 boni)
2310 693 2448 734 esse
2480 694 2589 734 eos

521 795 779 869 oportet
838 782 1038 866 (quod
1098 782 1180 844 ad
1232 781 1514 844 animam
1577 783 1851 866 spectat)
1909 782 2119 844 bonae·
2154 781 2587 861 conscientiae,

522 896 799 979 quietos,
860 893 1250 971 tractabileS,
1324 902 1641 956 amatores
1702 893 1958 956 virtutis
2022 914 2094 955 ac
2153 893 2589 977 perfectionis,

522 1028 881 1092 propensos
914 1006 997 1067 ad
1027 1005 1457 1083 devotionem,
1479 1005 1591 1088 qui
1624 1005 1995 1068 domesticis
2027 1016 2092 1068 et
2123 1005 2404 1068 externis
2435 1006 2590 1068 aedi-

519 1117 806 1180 ficationi
848 1116 1002 1194 sint,
1043 1115 1156 1198 qui
1202 1127 1371 1180 sorte
1404 1116 1688 1179 Marthae
1725 1116 1795 1178 in
1827 1115 2147 1181 Societate
2179 1116 2492 1195 contenti,
2524 1127 2587 1179 et

518 1229 601 1291 ad
660 1228 800 1312 ejus
860 1227 1239 1291 institutum
1299 1228 1465 1291 bene
1529 1227 1764 1306 affecti,
1825 1250 1966 1291 eam
2025 1227 2254 1311 juvare
2316 1229 2399 1290 ad
2459 1229 2587 1292 Dei

521 1339 793 1424 gloriam
825 1348 1160 1423 exoptent.

430 1460 470 1514 3
523 1453 720 1517 Quod
751 1453 834 1514 ad
865 1462 1130 1515 externa
1161 1450 1426 1528 attinet3
1483 1454 1742 1514 honesta
1777 1454 1999 1533 specie,
2046 1452 2344 1530 sanitate,
2375 1463 2587 1530 aetate,

519 1574 581 1626 et
625 1563 871 1626 viribus
919 1563 1002 1624 ad
1048 1561 1300 1625 labores
1347 1562 1657 1646 corporis,
1702 1562 1770 1624 in
1820 1562 2140 1626 Societate
2189 1564 2587 1627 sufferendos

517 1674 773 1758 praedjti
818 1696 957 1736 esse
1006 1673 1354 1749 deberent3
1401 1684 1467 1735 et
1513 1673 1625 1756 qui
1670 1673 1930 1750 habere,
1960 1673 2064 1736 vel
2101 1674 2272 1736 certe
2303 1674 2589 1737 habituri

519 1806 659 1855 esse
690 1783 1037 1867 aliquando
1069 1784 1391 1846 talentum
1423 1782 1688 1866 aliquod
1719 1784 1801 1845 ad
1832 1806 1973 1846 eam
2018 1782 2378 1867 juvandam
2412 1785 2590 1848 vide-

520 1904 764 1958 rentur.

429 2016 470 2069 4
517 2006 881 2069 Admittere
912 2005 1209 2068 homines
1241 2006 1481 2089 difficili
1527 2006 1854 2068 admodum
1893 2008 2161 2088 inyem'o,
2193 2006 2295 2069 vel
2324 2005 2588 2070 inutiles

518 2116 1049 2200 Congregationi,
1080 2115 1230 2178 licet
1276 2114 1572 2199 ipsismet
1620 2137 1752 2178 non
1797 2115 2027 2179 inutile
2067 2117 2255 2196 foret,
2288 2117 2589 2196 admitti3

518 2228 999 2291 considerantes
1061 2237 1279 2289 tamen
1330 2226 1618 2290 instituti
1680 2227 1887 2290 nostri
1948 2227 2169 2305 finem,
2220 2250 2293 2291 ac
2354 2229 2589 2312 agendi

516 2330 883 2416 rationem3
960 2339 1428 2422 persuademus
1491 2337 1681 2401 nobis
1743 2338 1812 2400 in
1875 2338 2162 2402 Domino
2239 2340 2322 2401 ad
2381 2340 2588 2424 ipsius

514 2449 725 2534 majus
758 2449 1093 2513 servitium
1126 2460 1190 2513 et
1221 2449 1480 2513 laudem
1512 2471 1647 2513 non
1681 2449 2003 2534 expedire.

430 2570 465 2624 5
517 2562 651 2628 Qui
710 2562 793 2624 ad
852 2563 976 2625 hoc
1038 2561 1556 2639 admitterentur,
1618 2572 1694 2624 ut
1753 2561 1822 2623 in
1883 2561 2078 2623 rebus
2143 2560 2587 2645 spiritualibus

518 2672 908 2736 Societatem
929 2672 1259 2756 juvarent,
1283 2671 1752 2758 considerando
1778 2670 1938 2754 quid
1966 2670 2343 2755 hujusmodi
2361 2672 2587 2735 minis-

514 2784 750 2847 terium
811 2784 1117 2867 requirat,
1178 2795 1253 2847 ut
1313 2783 1544 2845 animae
1606 2783 2049 2866 proximorum
2107 2783 2442 2869 juventur,
2488 2807 2587 2848 se-

517 2894 868 2977 quentibus
901 2895 1090 2958 donis
1122 2894 1250 2958 Dei
1281 2894 1496 2957 ornari
1528 2915 1638 2957 eos
1671 2916 1934 2958 necesse
1968 2906 2088 2959 est.

429 3012 469 3067 6
519 3005 716 3071 Quod
765 3006 847 3068 ad
905 3005 1308 3068 intellectum
1371 3005 1627 3084 attinet,
1689 3006 1986 3069 doctrina
2035 3027 2213 3083 sana,
2266 3005 2369 3068 vel
2420 3007 2587 3090 apti-

514 3116 741 3179 tudine
788 3117 871 3178 ad
914 3137 1055 3178 eam
1103 3115 1585 3194 addiscendam,
1617 3127 1682 3178 et
1720 3116 1791 3178 in
1822 3116 2015 3179 rebus
2047 3116 2314 3200 agendis
2347 3116 2585 3181 discre-

514 3227 712 3306 tione,
741 3228 845 3290 vel
875 3227 1047 3290 certe
1077 3211 1293 3290 indole
1323 3228 1479 3291 boni
1514 3227 1747 3311 judicii
1779 3228 1862 3290 ad
1891 3249 2033 3290 eam
2075 3227 2553 3311 acquirendam.

430 3340 467 3413 7
519 3339 715 3403 Quod
776 3340 858 3401 ad
916 3339 1316 3418 memoriam,
1376 3339 1741 3423 aptitudine
1804 3339 1887 3411 ad
1945 3339 2457 3423 percipiendum,
2517 3350 2583 3402 et

514 3462 822 3534 percepta
851 3450 1288 3513 retinendum.

425 3569 467 3625 8
519 3562 717 3626 Quod
748 3562 828 3624 ad
858 3562 1283 3640 voluntatem,
1315 3573 1389 3624 ut
1433 3561 1752 3624 universae
1782 3561 2040 3625 virtutis
2072 3572 2137 3625 et
2165 3562 2579 3647 perfectionis

516 3671 866 3757 spiritualis
898 3673 1171 3738 studiosi
1204 3674 1356 3752 sint,
1389 3674 1614 3757 quieti,
1645 3686 2039 3754 constanteS,
2073 3676 2319 3739 strenui
2363 3676 2433 3738 in
2477 3676 2578 3754 iis,

514 3805 660 3867 quae
706 3786 788 3848 ad
834 3784 1128 3848 divinum
1175 3784 1510 3848 servitium
1557 3785 2025 3868 aggrediuntur
2053 3811 2073 3864 3
2136 3787 2375 3870 quique
2421 3787 2577 3850 Zelo

513 3896 766 3958 accensi
808 3896 939 3960 sint
991 3919 1110 3981 pro
1161 3896 1524 3960 animarum
1580 3896 1827 3971 salute3
1892 3907 1957 3959 et
2009 3918 2084 3959 ea
2132 3897 2210 3960 de
2256 3920 2450 3961 causa
2493 3902 2577 3964 ad

512 4015 807 4070 nostrum
868 4007 1244 4070 institutum
1304 4007 1504 4090 (quod
1563 4006 1647 4068 ad
1693 4006 1834 4069 illas
1885 4006 2206 4091 juvandas
2247 4020 2312 4073 et
2357 4010 2576 4096 dispo-

512 4118 759 4180 nendas
807 4118 890 4180 ad
934 4118 1148 4181 ultimi
1194 4118 1295 4182 sui
1341 4118 1491 4202 finis
1537 4118 1617 4179 de
1649 4140 1849 4180 manu
1880 4119 2006 4181 Dei
2037 4121 2339 4184 creatoris
2369 4125 2575 4187 nostri

515 4250 587 4290 ac
619 4228 891 4292 Domini
921 4229 1448 4293 consecutionem
1479 4229 1654 4308 recta
1685 4229 1916 4311 tendit)
1955 4230 2084 4294 sint
2115 4231 2346 4295 affecti.
