3146 5014
529 505 653 562 120
1264 513 1919 558 consumma-misum

654 690 741 759 et,
786 679 842 743 si
880 678 1019 742 fieri
1058 690 1301 763 posset,
1342 678 1653 742 doctrinae
1695 679 1888 756 dono,
1934 686 1999 741 et
2046 677 2258 762 specie
2304 679 2599 761 honesta,
2640 704 2715 746 ac

652 791 848 854 modo
879 789 1115 875 agendi
1143 788 1341 853 verbo
1370 800 1435 852 et
1465 787 1699 852 litteris
1730 809 1883 851 cum
1906 789 2086 851 omni
2115 788 2459 853 hominum
2481 813 2715 876 genere

655 901 968 985 praeditus
1010 921 1149 963 esse
1191 898 1489 977 deberet3
1552 897 1791 983 quique
1840 899 1908 961 in
1956 898 2184 982 primis
2233 911 2403 964 esset
2445 902 2564 980 vir,
2610 904 2716 966 cui

623 1012 1053 1075 'confidenter
1075 1010 1338 1094 ‘quidvis
1377 1008 1698 1073 committi
1740 1020 1986 1093 posset,
2032 1008 2272 1092 quique
2322 1010 2711 1075 Societatem

655 1124 724 1186 in
743 1122 1030 1187 Domino
1061 1121 1395 1206 diligeret3
1440 1142 1570 1204 quo
1601 1119 1828 1182 utilius
1859 1118 1999 1203 ejus
2030 1142 2225 1204 opera
2246 1143 2321 1184 ac
2352 1123 2711 1187 ministerio

656 1236 756 1298 uti
788 1234 1183 1318 Praepositus
1218 1232 1554 1297 Generalis
1576 1231 1671 1294 'ad
1699 1231 1968 1315 gloriam
2001 1232 2284 1295 divinam
2314 1233 2543 1298 valeat.

532 1354 614 1410 10
660 1346 1036 1409 Secundum
1067 1343 1399 1422 auxilium,
1428 1342 1728 1406 videlicet
1760 1341 2009 1405 consilii
2039 1343 2123 1405 ad
2149 1364 2251 1406 res
2281 1365 2531 1428 graveS,
2563 1367 2709 1429 quae

656 1480 724 1522 se
755 1458 1057 1534 offerunt,
1088 1456 1479 1520 ordinandas
1509 1466 1576 1517 et
1616 1454 2127 1532 constituendas,
2158 1456 2352 1538 quam
2384 1456 2468 1519 sit
2493 1457 2714 1521 Gene-

653 1568 772 1631 rali
804 1566 1160 1651 Praeposito
1191 1565 1647 1642 necessarium,
1678 1586 1758 1626 ex
1788 1586 2011 1626 eorum
2051 1565 2491 1645 multitudine,
2521 1578 2587 1631 et
2632 1590 2711 1631 ex

652 1677 925 1742 humani
954 1676 1322 1739 intellectus
1351 1674 1813 1752 imbecillitate,
1837 1674 1950 1758 qui
1980 1685 2114 1737 tam
2136 1676 2375 1740 multas
2406 1677 2475 1740 in
2492 1690 2710 1762 partes

652 1787 1163 1854 consideratione
1196 1785 1396 1850 dividi
1425 1786 1677 1869 nequit,
1705 1785 1810 1848 vel
1854 1786 2026 1849 certe
2072 1787 2156 1848 ad
2192 1786 2283 1864 id,
2315 1789 2491 1871 quod
2521 1812 2710 1873 opor-

645 1910 764 1980 tet,
811 1900 882 1962 in
930 1898 1021 1962 eis
1069 1896 1362 1981 partibus
1413 1895 1912 1980 dispiciendum,
1944 1917 2018 1959 ac
2054 1897 2532 1980 providendum
2575 1922 2708 1963 non

651 1987 910 2084 sufficit,
954 2019 1173 2091 potest
1215 2005 1510 2090 intelligi.
1615 2005 1894 2068 Videtur
1938 2027 2091 2090 ergo
2136 2008 2708 2091 pernecessarium,

650 2132 725 2184 ut
771 2117 970 2202 aliqui
1016 2117 1148 2180 sint
1194 2118 1370 2201 apud
1418 2116 1830 2200 Superiorem
1869 2116 1990 2180 viri
2025 2116 2256 2180 litteris
2298 2129 2364 2181 et
2405 2118 2709 2184 omnibus

651 2231 790 2295 aliis
843 2229 972 2293 Dei
1020 2227 1208 2292 donis
1269 2228 1444 2306 clari,
1493 2227 1608 2311 qui
1658 2227 1717 2290 ei
1769 2228 2097 2306 assistant,
2150 2239 2216 2292 et
2261 2230 2710 2295 considerandi

647 2341 961 2428 peculiari
992 2339 1422 2403 sollicitudine
1453 2361 1555 2402 res
1597 2339 1990 2403 universales
2037 2340 2377 2406 Societatis
2421 2365 2461 2405 a
2492 2343 2710 2408 Gene-

643 2455 761 2519 rali
809 2451 1185 2518 commissas
1235 2472 1456 2515 curam
1515 2450 1838 2530 habeant3
1908 2473 2105 2536 quam
2163 2452 2288 2517 illis
2335 2465 2557 2538 posset
2610 2454 2709 2518 di-

645 2569 884 2646 videre,
926 2588 1056 2650 quo
1101 2564 1462 2629 accuratius
1507 2585 1612 2627 res
1658 2586 1883 2629 omnes
1931 2565 2366 2650 perspiciant3
2413 2578 2489 2630 ut
2531 2590 2705 2632 unus

645 2702 862 2744 rerum
925 2677 1301 2741 Indicarum
1367 2674 1941 2759 inspiciendarum,
2004 2676 2164 2741 alter
2240 2677 2580 2763 Hispaniae
2639 2690 2706 2743 et

649 2787 1083 2871 Portugalliae,
1114 2797 1181 2849 et
1210 2784 1373 2848 alius
1407 2785 1777 2849 Germaniae
1808 2798 1873 2850 et
1907 2786 2160 2865 Galliae,
2192 2796 2258 2850 et
2303 2788 2465 2852 alius
2498 2788 2704 2853 Italiae

650 2913 717 2965 et
778 2898 1011 2963 Siciliae
1072 2918 1293 2960 curam
1352 2897 1671 2976 haberet3
1745 2909 1812 2960 et
1873 2898 1967 2961 sic
2038 2900 2118 2961 de
2179 2899 2369 2979 aliis3
2445 2903 2704 2984 quando

651 3010 938 3076 Societas
983 3007 1052 3070 in
1097 3007 1317 3092 plures
1361 3022 1581 3090 partes
1619 3019 2048 3092 spargeretur.
2141 3008 2441 3093 Quisque
2484 3022 2703 3074 autem

644 3145 725 3186 ex
768 3120 860 3183 eis
901 3117 1209 3203 peculiari
1253 3118 1562 3198 oratione,
1610 3127 1676 3182 et
1719 3118 1853 3181 suis
1897 3118 1966 3180 in
1999 3119 2325 3183 sacrificiis
2356 3122 2705 3185 recordati-

646 3254 768 3297 one
809 3231 952 3293 Deo
992 3239 1243 3313 partem
1287 3228 1463 3291 illam
1495 3228 1619 3292 sibi
1666 3228 2026 3313 specialiter
2070 3230 2482 3294 commissam
2527 3254 2705 3295 com-

645 3343 948 3407 mendare
990 3339 1203 3419 debet,
1248 3350 1313 3401 et
1354 3339 1780 3418 considerare,
1825 3339 1983 3423 quid
2026 3340 2095 3404 in
2140 3363 2215 3405 ea
2258 3342 2465 3427 magis
2509 3343 2594 3405 ad
2634 3343 2703 3406 id

644 3451 1197 3536 consequendum,
1229 3450 1406 3532 quod
1437 3449 1560 3513 sibi
1593 3450 1880 3514 Societas
1909 3452 2239 3536 proponit,
2274 3452 2503 3536 juvare
2548 3475 2701 3537 pos-

645 3575 764 3628 set.
856 3560 1342 3624 Conserendum
1372 3560 1567 3622 etiam
1600 3583 1750 3623 cum
1781 3560 1920 3623 aliis
1966 3573 2158 3641 esset,
2191 3561 2406 3646 siquid
2451 3564 2535 3625 ad
2563 3585 2697 3627 rem

645 3676 853 3737 facere
883 3690 1275 3754 magnopere
1305 3669 1652 3733 videretur.
1742 3672 1874 3733 Res
1904 3682 2120 3734 autem
2151 3671 2320 3735 inter
2351 3695 2419 3736 se
2452 3673 2702 3737 discus-

649 3807 752 3850 sas
786 3780 1091 3847 Generali
1134 3781 1366 3843 referre
1411 3791 1703 3863 possent.
1795 3780 2007 3844 Iidem
2051 3782 2246 3845 etiam
2292 3785 2703 3848 attenderent

649 3897 728 3959 iis
767 3892 985 3970 rebus,
1035 3912 1180 3973 quae
1228 3889 1332 3953 vel
1376 3910 1414 3952 a
1467 3890 1847 3974 Praeposito,
1882 3892 1986 3955 vel
2026 3892 2221 3956 etiam
2267 3914 2306 3955 a
2346 3893 2702 3957 Secretario

652 4000 991 4069 Societatis
1021 4009 1539 4083 proponerentur
1556 4025 1577 4077 3
1622 4010 1696 4062 ut
1728 4001 1934 4085 magis
1974 4003 2144 4066 inter
2186 4003 2364 4088 ipsos
2396 4003 2704 4068 discussae

653 4110 982 4196 Superiori
1011 4109 1392 4173 referantur.
1483 4109 1575 4173 Et
1604 4109 1673 4173 in
1703 4111 2078 4174 universum
2123 4113 2192 4176 in
2224 4113 2708 4177 considerandis

655 4236 719 4288 et
763 4222 1116 4286 tractandis
1152 4220 1346 4284 rebus
1386 4229 1521 4285 tam
1563 4223 1649 4285 ad
1689 4223 2070 4304 doctrinam,
2102 4227 2295 4309 quam
2336 4227 2421 4289 ad
2454 4225 2707 4310 praxim
