3146 5014
1252 538 1438 580 PARs
1485 537 1791 585 QUINTA.
2540 522 2620 581 65

570 704 919 768 sessionem
950 701 1095 786 quis
1127 701 1530 780 admittatur,
1559 701 1630 764 in
1661 723 1738 764 ea
1766 700 2070 765 facultate
2110 701 2234 764 hoc
2265 711 2526 786 tempus
2558 724 2625 764 se

574 813 955 893 exercuisse,
1008 820 1074 876 et
1120 813 1382 897 quidem
1436 812 1519 876 ad
1569 811 1841 897 gloriam
1890 811 2017 876 Dei
2058 811 2213 876 satis
2253 811 2323 874 in
2364 832 2440 876 ea
2476 834 2627 897 pro-

575 925 801 989 fecisse
833 924 1178 1003 convenit3
1224 931 1290 988 et
1318 924 1387 987 in
1417 925 1747 1008 profectus
1776 923 2153 1008 hujusmodi
2184 923 2628 987 testimonium

580 1037 852 1120 quisque
884 1045 1033 1098 ante
1069 1035 1535 1120 professionem
1564 1034 1974 1099 Assertiones
2007 1034 2305 1117 LogiceS,
2339 1034 2630 1098 Philoso-

581 1146 776 1230 phiae,
837 1156 902 1208 et
975 1145 1345 1228 Theologiae
1422 1145 1837 1209 Scholasticae
1913 1143 2220 1208 tuebitur.
2334 1146 2634 1210 Quatuor

583 1269 799 1321 autem
823 1257 907 1320 ad
936 1256 1523 1341 argumentandum
1555 1266 1621 1319 et
1658 1256 2087 1340 judicandum
2118 1257 2197 1319 de
2228 1278 2452 1320 eorum
2481 1257 2635 1320 doc-

584 1367 773 1446 trina,
804 1389 889 1430 an
920 1366 1006 1430 sit
1035 1377 1280 1451 quanta
1308 1374 1586 1451 oportet,
1631 1378 1828 1451 prout
1863 1366 2056 1451 juxta
2097 1367 2435 1431 veritatem
2482 1389 2635 1452 syn-

586 1479 728 1542 cere
759 1477 1099 1557 senserint,
1131 1477 1515 1563 deligantur.
1609 1478 1808 1543 Quod
1839 1478 1893 1541 si
1925 1477 2220 1542 doctrina
2262 1500 2339 1542 ea
2381 1477 2637 1562 praediti

589 1612 749 1669 esse,
794 1612 939 1674 quae
981 1589 1136 1654 satis
1175 1589 1280 1669 sit,
1320 1612 1455 1653 non
1495 1589 1950 1668 invenientur3
1996 1588 2467 1653 conducibilius
2498 1588 2639 1667 erit,

584 1714 688 1782 ut,
729 1703 932 1766 donec
973 1724 1116 1765 eam
1156 1713 1660 1785 consequantur,
1703 1711 2087 1784 expectent:
2137 1712 2213 1764 ut
2257 1701 2401 1764 illos
2446 1701 2639 1764 etiam

595 1824 927 1897 expectare
967 1811 1313 1896 oportebit,
1360 1811 1473 1896 qui
1512 1811 1583 1874 in
1628 1811 2054 1895 abnegatione
2102 1812 2203 1874 sui
2246 1811 2537 1895 ipsorum
2577 1822 2642 1875 et

593 1924 939 1989 virtutibus
971 1922 1298 2008 Religioso
1330 1922 1545 2008 dignis
1578 1922 2046 2001 testimonium,
2078 1923 2255 2006 quod
2297 1944 2415 2007 par
2453 1934 2644 2001 esset,

594 2035 887 2099 nondum
918 2033 1184 2098 omnino
1219 2034 1602 2098 retulerunt.

507 2155 546 2211 3
597 2147 839 2210 Praeter
875 2146 1019 2225 hos,
1060 2144 1360 2209 nonnulli
1399 2144 1483 2208 ad
1519 2144 1717 2208 trium
1758 2156 2057 2208 votorum
2103 2144 2464 2207 solennium
2497 2167 2646 2229 pro-

594 2258 939 2322 fessionem
971 2256 1226 2320 admitti
1255 2267 1546 2341 possent,
1568 2278 1712 2320 raro
1745 2268 1983 2336 tamen,
2008 2270 2073 2320 et
2103 2279 2234 2320 non
2269 2256 2405 2320 sine
2438 2257 2648 2320 causis

596 2368 1028 2454 peculiaribus
1089 2366 1360 2451 alicujus
1420 2367 1774 2431 momenti=
1851 2378 1916 2430 et
1988 2368 2109 2431 hos
2170 2369 2353 2455 certe·
2402 2379 2650 2453 septem

600 2501 804 2544 annos
848 2478 918 2542 in
960 2477 1278 2543 Societate
1324 2489 1515 2542 notos
1557 2477 1780 2557 fuisse,
1825 2485 1892 2541 et
1936 2499 2069 2542 non
2112 2478 2501 2543 mediocrem
2551 2479 2651 2543 sui

600 2591 848 2671 talenti,
880 2611 953 2655 ac
983 2589 1301 2655 virtutum
1347 2589 1851 2654 satisfactionem
1897 2589 1979 2652 ad
2022 2589 2291 2674 gloriam
2322 2589 2450 2653 Dei
2487 2612 2651 2674 prae-

601 2703 820 2768 buisse
852 2703 921 2766 in
952 2724 1028 2766 ea
1062 2701 1406 2787 oportebit.

516 2824 557 2877 4
606 2815 702 2879 Ut
753 2813 898 2898 quis
960 2813 1154 2899 etiam
1214 2813 1284 2876 in
1335 2810 1795 2896 Coadjutorem
1854 2812 2202 2876 formatum
2256 2812 2654 2894 admittatur,

607 2934 862 3009 oportet
916 2924 1222 2988 Societati
1275 2945 1414 2987 esse
1464 2923 1866 2988 satisfactum
1920 2924 1999 2987 de
2052 2923 2190 3010 ejus
2242 2924 2395 3005 vita,
2448 2925 2655 3010 deque

606 3035 778 3099 bono
810 3035 1106 3119 exemplo
1138 3057 1212 3098 ac
1243 3034 1487 3098 talento
1519 3035 1602 3099 ad
1635 3057 1701 3099 se
1735 3034 2095 3120 juvandam
2116 3037 2220 3101 vel
2249 3059 2399 3100 cum
2427 3037 2657 3103 litteris

608 3146 676 3209 in
704 3146 902 3210 rebus
933 3145 1400 3230 spiritualibuS,
1429 3146 1533 3210 vel
1564 3145 1703 3209 sine
1733 3146 1860 3210 illis
1890 3146 1959 3211 in
1991 3146 2433 3229 exterioribuS,
2463 3162 2658 3234 prout

610 3258 841 3342 cuique
887 3257 1106 3322 divina
1146 3256 1405 3321 bonitas
1452 3258 1623 3321 dona
1668 3280 1786 3321 sua
1832 3259 2419 3325 communicaverit.
2512 3263 2660 3326 Hoc

608 3368 825 3453 ipsum
857 3379 1073 3432 autem
1117 3367 1423 3432 metiatur
1467 3375 1723 3452 oportet
1754 3368 2095 3452 Praepositi
2128 3369 2462 3433 Generalis
2506 3394 2662 3456 pru-

615 3480 873 3557 dentia3
935 3480 1061 3544 nisi
1122 3479 1314 3543 alicui
1373 3502 1453 3543 ex
1511 3479 2029 3564 particularibuS,
2089 3481 2194 3544 cui
2254 3483 2533 3547 multum
2592 3485 2663 3549 in

616 3590 901 3654 Domino
931 3591 1307 3670 confideret,
1337 3590 1405 3653 id
1436 3589 1976 3655 committendum
2006 3591 2349 3658 videretur.

529 3711 565 3765 5
619 3702 715 3765 Ut
745 3702 943 3787 aliqui
982 3702 1412 3767 admittantur
1455 3702 1525 3766 in
1558 3704 1992 3768 Scholasticos
2030 3706 2463 3789 approbatos3
2508 3728 2667 3790 qua-

618 3815 766 3878 dam
826 3815 1243 3901 proportione
1315 3827 1586 3896 servata,
1646 3817 1871 3879 eadem
1944 3816 2402 3899 requiruntur3
2477 3829 2542 3881 et
2600 3819 2670 3883 id

617 3925 924 4011 peculiari
976 3927 1256 4012 quadam
1307 3926 1598 4005 ratione,
1647 3937 1722 3989 ut
1771 3948 1849 3989 ex
1902 3948 2124 3990 eorum
2174 3927 2434 4011 ingenio
2476 3940 2669 4014 atque

617 4038 832 4102 indole
862 4039 932 4102 in
962 4040 1133 4105 viros
1171 4040 1403 4104 'doctos
1449 4061 1558 4103 eos
1605 4061 1906 4103 evasuros
1954 4039 2293 4124 Praepositi
2334 4041 2671 4107 Generalis

612 4148 880 4233 judicio,
916 4152 1019 4217 vel
1071 4152 1231 4238 ejus,
1293 4151 1398 4216 cui
1443 4153 1568 4215 hoc
1621 4173 1862 4215 munus
1914 4152 2019 4216 ille
2070 4151 2479 4236 (confidendo
2519 4177 2675 4239 pru-
