3146 5014
1197 512 1380 553 PARs
1430 512 1772 555 SEPTIMA.
2513 502 2591 558 85

542 675 1098 758 consequendum,
1132 676 1528 760 Praepositus
1556 675 1914 756 Generalis,
1946 675 2095 740 cum
2127 697 2334 740 novus
2360 676 2605 742 Christi

544 786 841 850 Vicarius
894 787 963 849 in
1011 787 1390 873 Apostolica
1438 788 1588 852 sede
1637 789 1831 853 fuerit
1880 789 2298 867 constitutae,
2350 811 2468 874 per
2512 812 2602 867 se,

544 898 649 961 vel
676 920 796 981 per
825 897 1021 961 alium
1052 898 1224 961 intra
1252 921 1498 962 annum
1530 899 1612 962 ab
1643 898 1782 984 ejus
1828 900 2147 963 creatione
2189 912 2254 963 et
2286 901 2605 964 coronati-

546 1032 669 1073 one
714 1017 1012 1073 teneatur
1056 1010 1195 1095 ejus
1246 1011 1592 1075 Sanctitati
1635 1011 1954 1075 declarare
1998 1012 2488 1097 professionem,
2530 1036 2603 1077 ac

544 1121 1040 1205 promissionem
1085 1144 1455 1206 expressam
1487 1122 1918 1201 Obedientiae,
1964 1145 2110 1207 quae
2154 1123 2281 1207 ipsi
2313 1123 2601 1187 Societas

542 1233 852 1316 peculiari
881 1246 1031 1297 voto
1064 1234 1234 1297 circa
1262 1233 1603 1298 missiones
1639 1235 1722 1298 ad
1753 1234 1879 1299 Dei
1919 1234 2190 1319 gloriam
2221 1256 2288 1298 se
2321 1235 2601 1299 obstrin-

540 1343 655 1407 xit.

723 1722 817 1763 DE
853 1721 1327 1764 MISSIONIBUS
1363 1721 1802 1765 SUPERIORIS
1839 1721 2278 1765 SOCIETATIS.

455 1981 484 2036 1
541 1974 705 2040 QUO
740 1972 1058 2058 spirituali
1089 1973 1450 2035 animarum
1482 1972 1853 2035 necessitati
1900 1972 2227 2036 subveniri
2270 1973 2495 2037 multis
2525 1974 2594 2037 in

535 2085 693 2148 locis
724 2084 951 2168 majori
981 2107 1131 2147 cum
1162 2084 1490 2162 facultate,
1522 2106 1596 2146 ac
1629 2084 1969 2147 securitate
2002 2107 2247 2163 eorum,
2271 2084 2384 2169 qui
2415 2085 2497 2147 ad
2527 2086 2596 2149 id

534 2196 775 2259 fuerint
821 2196 1149 2274 destinati,
1179 2195 1424 2280 possit3
1474 2195 1813 2280 Praepositi
1848 2195 2197 2259 Generales
2232 2196 2594 2277 Societatis,

523 2307 716 2392 juxta
743 2306 1118 2370 facultatem
1151 2307 1241 2369 eis
1284 2328 1323 2368 a
1367 2329 1622 2369 summo
1658 2306 1970 2370 Pontifice
2018 2329 2412 2387 concessam,
2443 2309 2595 2372 mit-

534 2431 668 2482 tere
717 2419 981 2504 quosvis
1043 2419 1123 2482 de
1179 2419 1499 2483 Societate
1560 2430 1892 2503 poterunt,
1947 2442 2336 2504 quocunque
2385 2421 2593 2506 magis

532 2533 832 2617 expedire
890 2532 1284 2618 judicabunt
1302 2558 1321 2612 3
1367 2532 1481 2617 qui
1519 2539 1740 2595 tamen
1782 2532 2157 2614 ubicunque
2202 2532 2466 2611 fuerint,
2509 2535 2592 2597 ad

528 2645 961 2710 obedientiam
1024 2645 1193 2708 sedis
1255 2644 1646 2729 Apostolicae
1705 2642 1914 2726 parati
1988 2641 2198 2706 erunt.
2288 2643 2381 2716 Et
2439 2645 2592 2728 quia

530 2757 897 2843 complures
944 2770 1120 2834 sunt,
1163 2756 1274 2839 qui
1319 2755 1567 2838 aliquos
1613 2777 1692 2817 ex
1733 2752 1971 2816 nostris
2010 2753 2133 2815 sibi
2177 2755 2445 2817 concedi
2474 2777 2589 2840 pe-

528 2884 693 2950 tant,
742 2873 960 2956 potius
1006 2871 1285 2955 propriae
1330 2869 1742 2954 obligationis
1797 2867 2149 2953 spiritualis
2198 2890 2351 2952 erga
2395 2892 2587 2933 suum

523 3006 813 3068 gregem,
847 2984 952 3048 vel
994 2983 1265 3047 aliorum
1307 2982 1796 3046 commodorum
1838 3002 1876 3043 a
1922 2981 2052 3044 fine
2105 2987 2329 3043 nostro
2377 2982 2586 3066 magis

525 3087 909 3159 distantium
939 3095 1187 3159 ratione
1218 3094 1461 3173 habita,
1493 3094 1690 3177 quam
1722 3091 2168 3156 communium
2215 3104 2280 3154 et
2325 3092 2582 3157 univer-

527 3207 796 3286 salium3
844 3206 1241 3291 Praepositus
1275 3204 1635 3282 Generalis,
1663 3203 1766 3267 vel
1796 3203 1909 3286 qui
1938 3204 2019 3266 ab
2052 3226 2127 3267 eo
2173 3202 2342 3265 hanc
2374 3204 2582 3266 habu-

525 3320 645 3383 erit
704 3319 1102 3397 facultatem,
1163 3317 1505 3402 diligenter
1576 3315 1646 3377 in
1721 3314 2095 3398 hujusmodi
2154 3314 2578 3378 missionibus

525 3443 729 3509 curet,
759 3443 834 3495 ut
863 3431 932 3493 in
964 3430 1098 3494 suis
1129 3429 1212 3492 ad
1242 3429 1410 3492 hanc
1450 3426 1694 3512 potiUS,
1740 3446 1935 3508 quam
1981 3424 2063 3487 ad
2105 3424 2282 3487 illam
2325 3436 2576 3509 partem

524 3544 880 3622 mittendiS,
916 3551 982 3607 et
1017 3544 1099 3606 ad
1142 3543 1266 3605 hoc
1314 3562 1478 3625 opus
1515 3537 1758 3623 potiuS,
1800 3559 1996 3621 quam
2041 3538 2125 3600 ad
2167 3537 2350 3616 illud,
2393 3545 2459 3601 et
2501 3546 2578 3601 ut

522 3658 692 3720 hanc
733 3679 1076 3742 personam
1115 3654 1357 3740 potius,
1397 3674 1594 3736 quam
1638 3651 1813 3713 illam
1857 3650 2097 3729 mittat,
2142 3651 2287 3729 hoc,
2316 3651 2420 3714 vel
2464 3650 2574 3714 illo

518 3772 735 3850 modo,
765 3769 850 3833 ad
878 3768 1219 3854 prolixiuS,
1242 3765 1345 3830 vel
1373 3763 1633 3828 brevius
1664 3774 1957 3846 tempuS,
1977 3762 2044 3825 id
2090 3784 2363 3846 semper,
2396 3763 2574 3844 quod
2649 3815 2652 3818 .

518 3882 603 3946 ad
653 3882 864 3966 majus
925 3880 1053 3944 Dei
1112 3876 1495 3960 obsequium
1555 3886 1622 3937 et
1673 3873 1919 3936 bonum
1980 3872 2336 3934 universale
2395 3871 2571 3951 facit,

517 4005 861 4058 statuatur.
953 3992 1124 4055 Cum
1184 3991 1306 4053 hac
1367 4007 1519 4071 ergo
1569 3984 1930 4048 rectissima
1988 4005 2061 4046 ac
2122 3983 2573 4067 syncerissima

515 4105 875 4169 intentione
926 4104 996 4167 in
1045 4101 1172 4166 Dei
1224 4123 1297 4163 ac
1318 4095 1609 4162 .Domini
1655 4094 1862 4158 nostri
1901 4104 2253 4179 conspectu
2306 4095 2572 4177 habita3

516 4225 603 4296 et,
637 4216 691 4280 si
722 4216 781 4280 ei
810 4215 1156 4292 videbitur,
1185 4221 1453 4298 propter
1484 4205 1960 4273 deliberationis
1992 4205 2438 4276 difficultatem
2467 4206 2571 4276 vel

1430 4343 1470 4384 o
