3146 5014
570 515 690 572 126
1312 529 1963 574 coNs'rI'rU'rIoNUM

693 694 942 758 catione
974 706 1039 757 et
1071 695 1506 759 satisfactione
1535 696 1860 780 perspecti
1883 697 1965 758 ad
1996 695 2462 780 professionem
2486 699 2741 763 admitti

691 804 951 869 debent.
1043 806 1149 869 Sic
1181 806 1374 885 enim,
1404 807 1554 871 licet
1599 808 1950 871 multitudo
1996 816 2322 893 augescat,
2352 832 2486 874 non
2531 811 2742 875 immi-

689 928 949 996 nuetur,
989 939 1109 980 nec
1162 917 1432 982 debilior
1481 919 1786 982 reddetur
1838 919 2126 1003 spirituS,
2180 921 2338 983 dum
2382 921 2543 985 tales
2589 922 2741 1002 sint,

692 1028 804 1112 qui
833 1028 902 1091 in
936 1030 1275 1093 Societatis
1307 1052 1541 1114 corpus
1573 1041 1981 1115 cooptantur.

565 1147 645 1204 10
691 1140 860 1203 Cum
890 1141 1063 1204 bona
1092 1152 1158 1204 et
1187 1141 1355 1204 mala
1384 1140 1614 1225 capitis
1656 1140 1967 1204 habitudo
1998 1141 2067 1205 in
2097 1144 2471 1206 universum
2503 1166 2738 1228 corpus

687 1253 1009 1317 redundet
1039 1279 1058 1331 3
1134 1275 1542 1338 summopere
1615 1253 1922 1331 conseret,
1984 1253 2039 1316 si
2112 1254 2338 1318 electio
2402 1255 2741 1339 Praepositi

695 1365 1034 1429 Generalis
1066 1388 1141 1429 ea
1185 1366 1291 1444 sit,
1338 1388 1483 1449 quae
1527 1365 1598 1428 in
1643 1388 1816 1428 nona
1858 1376 2040 1449 parte
2087 1367 2411 1451 descripta
2440 1379 2560 1431 est.
2649 1368 2740 1430 Et

688 1487 840 1560 post
869 1477 1038 1540 hanc
1070 1477 1471 1557 electionem,
1502 1477 1613 1540 illa
1641 1477 1909 1540 maximi
1953 1477 2073 1541 erit
2118 1479 2454 1556 momenti,
2485 1499 2613 1561 qua
2640 1478 2740 1541 in-

690 1588 949 1651 feriores
983 1588 1320 1673 Praepositi
1348 1588 1417 1651 in
1451 1587 1828 1667 Provinciis,
1859 1600 1924 1653 et
1956 1589 2286 1675 Collegiis,
2318 1612 2393 1652 ac
2414 1587 2737 1653 Domibus

690 1698 1026 1763 Societatis
1058 1700 1404 1784 eliguntur.
1494 1701 1668 1764 Nam
1707 1700 1839 1763 sere
1884 1701 2104 1784 quales
2158 1701 2230 1764 hi
2280 1701 2540 1780 fuerint,
2580 1700 2738 1764 tales

690 1818 755 1873 et
784 1833 1006 1875 eorum
1038 1812 1279 1876 subditi
1309 1824 1522 1876 erunt.
1613 1812 1835 1875 Refert
1879 1812 2071 1875 etiam
2115 1834 2529 1897 magnopere,
2572 1833 2740 1896 prae-

689 1933 786 1986 ter
816 1924 1215 2004 electionem,
1248 1925 1302 1988 si
1334 1925 1674 2009 Praepositi
1702 1925 2120 2009 particulares
2152 1924 2220 1987 in
2267 1924 2389 1988 sibi
2422 1924 2739 2001 subditos,

687 2045 754 2096 et
788 2034 1122 2099 Generalis
1153 2037 1221 2099 in
1250 2037 1691 2120 particulareS,
1723 2058 1796 2099 ac
1843 2037 2068 2099 contra
2100 2035 2385 2100 Societas
2416 2035 2484 2098 in
2519 2035 2739 2099 Gene-

687 2144 887 2208 ralem
925 2149 1020 2228 (ut
1051 2147 1119 2210 in
1150 2170 1323 2211 nona
1365 2159 1548 2232 parte
1595 2147 1989 2211 declaratum
2036 2149 2157 2228 est)
2194 2147 2474 2210 multum
2518 2157 2740 2231 potes-

688 2259 839 2322 tatis
861 2260 1161 2341 habeant,
1185 2261 1299 2339 ita,
1321 2273 1396 2324 ut
1418 2284 1643 2325 omnes
1674 2261 1758 2323 ad
1785 2260 2032 2325 bonum
2064 2260 2282 2324 omnia
2309 2260 2563 2345 possint
2586 2286 2606 2341 3
2652 2271 2741 2355 et,

688 2370 743 2433 si
773 2371 939 2434 male
970 2380 1254 2456 agerent,
1285 2373 1550 2436 omnino
1584 2371 1856 2457 subjecti
1901 2373 2053 2436 sint.
2146 2372 2370 2435 Refert
2415 2372 2633 2451 etiam,
2663 2380 2740 2435 ut

690 2484 1064 2569 Superiores
1095 2484 1423 2549 ministros
1454 2484 1721 2549 idoneos
1759 2486 1858 2569 (ut
1892 2483 1961 2547 in
2006 2485 2232 2549 eadem
2275 2495 2458 2570 parte
2491 2483 2738 2578 dictum

688 2597 808 2678 est)
846 2597 928 2658 ad
972 2596 1442 2660 ordinationem
1487 2608 1552 2660 et
1597 2596 2041 2661 executionem
2085 2618 2332 2677 rerum,
2363 2618 2509 2681 quae
2555 2618 2741 2681 spec-

688 2719 830 2771 tant
861 2709 945 2771 ad
973 2731 1195 2772 eorum
1226 2708 1529 2787 officium,
1559 2701 1861 2771 habeant.

566 2826 638 2881 ll
693 2818 889 2884 Quod
934 2819 1120 2903 juvat
1166 2821 1251 2883 ad
1300 2820 1610 2884 unionem
1660 2818 2100 2883 membrorum
2152 2819 2348 2904 hujus
2404 2817 2740 2883 Societatis

688 2930 857 2993 inter
889 2952 978 3009 se,
1009 2941 1074 2993 et
1106 2953 1255 2993 cum
1288 2953 1405 2994 suo
1437 2931 1672 3015 capite,
1702 2930 1984 2993 multum
2015 2930 2209 2994 etiam
2240 2931 2324 2993 ad
2353 2929 2741 2994 conservati-

690 3063 882 3104 onem
913 3040 1070 3104 boni
1102 3052 1308 3106 status
1337 3041 1530 3105 illius*
1547 3041 1839 3126 juvabit:
1888 3039 2253 3123 cujusmodi
2283 3050 2382 3104 est
2412 3040 2483 3102 in
2511 3039 2741 3124 primis

686 3153 1095 3217 voluntatum
1154 3153 1509 3233 vinculum,
1569 3154 1746 3237 quod
1804 3151 2081 3215 charitas
2143 3162 2264 3230 est,
2339 3161 2405 3214 et
2464 3161 2740 3214 mutuus

690 3292 889 3350 amor,
949 3293 1143 3354 quem
1204 3270 1425 3335 crebra
1497 3269 2021 3347 communicatiO,
2096 3279 2161 3332 et
2234 3289 2452 3331 rerum
2511 3277 2742 3331 mutua

654 3382 943 3462 notitia,
991 3384 1214 3446 eadem
1268 3381 1583 3461 doctrina,
1632 3393 1697 3445 et
1740 3381 1805 3443 in
1854 3379 2182 3458 omnibuS,
2237 3389 2554 3463 quantum
2599 3378 2742 3441 fieri

688 3505 927 3579 potest,
958 3494 1362 3558 uniformitas
1394 3493 1658 3557 nutriet.
1749 3493 1879 3556 Sed
1908 3492 1977 3555 in
2022 3490 2249 3576 primis
2294 3490 2363 3553 id
2406 3487 2740 3574 praestabit

692 3604 1073 3668 obedientiae
1116 3605 1468 3682 vinculum,
1517 3605 1694 3688 quod
1734 3602 2156 3688 particulares
2205 3623 2355 3665 cum
2402 3600 2537 3664 suis
2570 3601 2742 3663 Prae-

613 3700 1203 3801 ᾛῆῖῖῐῖξῖἴῖὧέ
1248 3716 1424 3801 ipsos
1465 3716 1635 3779 inter
1681 3737 1747 3777 se
1789 3726 1853 3778 et
1899 3736 2046 3777 cum
2097 3710 2636 3788 Provincialibus,
2678 3717 2743 3773 et

689 3841 997 3913 utrosque
1030 3851 1177 3891 cum
1205 3827 1506 3892 Generali
1536 3827 1741 3906 uniet,
1771 3826 1884 3904 ita,
1905 3837 1981 3901 ut
2010 3825 2181 3890 inter
2211 3845 2438 3888 omnes
2470 3822 2744 3907 diligen-

640 3988 646 3993 -
695 3954 792 4006 ter
822 3941 1265 4006 subordinatio
1298 3952 1605 4004 servetur.

565 4062 642 4118 12
691 4054 1054 4118 Moderatio
1083 4052 1378 4117 laborum
1408 4052 1605 4131 animi
1650 4060 1715 4115 et
1760 4050 2067 4135 corporiS,
2100 4061 2167 4113 et
2209 4048 2278 4111 in
2314 4045 2746 4112 Constitutio-

690 4166 905 4243 nibus,
955 4188 1099 4249 quae
1153 4166 1235 4228 ad
1295 4176 1599 4228 neutrum
1648 4174 2007 4229 extremum
2056 4161 2285 4246 rigoris
2326 4160 2429 4224 vel
2472 4158 2747 4224 dissolu-
