3146 5014
539 507 619 562 96

585 3917 614 3972 l

1294 521 1947 565 CONSTITUTIONUM

672 686 1026 749 Provinciae
1071 687 1234 750 duos
1282 708 1361 750 ex
1407 709 1482 750 ea
1534 688 1766 772 eligere
1807 689 2046 773 poterit
2097 711 2216 773 pro
2255 690 2519 755 arbitrio
2559 694 2736 757 Prae-

667 797 866 881 positi
900 798 1237 861 Generalis
1258 824 1277 877 3
1331 798 1516 883 cujus
1564 799 1685 863 erit
1731 822 1848 885 pro
1882 802 2362 866 occurrentium
2395 827 2734 868 causarum

667 908 914 971 ratione
961 899 1374 988 constituere,
1424 932 1585 972 num
1639 923 1998 974 conventus
2046 912 2464 978 Provincialis
2507 916 2736 1001 hujus-

668 1020 845 1083 modi
894 1021 976 1083 ad
1032 1022 1310 1083 duorum
1357 1020 1617 1084 illorum
1672 1022 2051 1085 electionem
2113 1024 2196 1087 sit
2247 1028 2600 1110 cogendus,
2649 1050 2733 1091 an

671 1131 1088 1195 Provincialis
1135 1132 1272 1195 sine
1319 1143 1646 1195 conventu
1692 1154 1801 1195 eos
1843 1133 2084 1197 debent
2130 1135 2387 1220 eligere,
2433 1149 2630 1222 prout
2675 1138 2733 1201 ei

669 1243 994 1306 videbitur
1037 1243 1106 1306 in
1147 1242 1435 1306 Domino
1496 1242 1818 1327 expedire.
1913 1244 2039 1307 His
2094 1245 2302 1308 tribus
2358 1268 2507 1309 suas
2560 1248 2732 1311 vices

670 1365 810 1417 tota
841 1353 1182 1417 Provincia
1211 1353 1595 1431 committet,
1628 1360 1694 1415 et
1723 1353 2034 1437 quicquid
2080 1377 2118 1418 a
2163 1364 2486 1419 conventu
2532 1380 2733 1442 gene-

666 1466 805 1544 rali,
882 1465 987 1528 cui
1061 1465 1187 1550 ipsi
1260 1463 1693 1543 interfuerint,
1753 1466 2184 1529 constitutum
2243 1467 2457 1547 fuerit,
2516 1479 2732 1531 ratum

666 1574 955 1638 habebit.
1048 1575 1249 1641 Quod
1302 1574 1356 1637 si
1402 1586 1640 1659 praeter
1692 1576 1856 1639 duos
1906 1576 2165 1658 electOS,
2211 1578 2528 1661 quosdam
2573 1579 2731 1642 alios

671 1688 1071 1773 Praepositus
1126 1687 1462 1751 Generalis
1512 1687 1901 1772 designaret,
1961 1689 2064 1753 vel
2115 1690 2514 1774 Praepositus
2576 1692 2732 1755 Pro-

666 1798 958 1862 vincialis
1020 1798 1435 1861 adducendos
1488 1798 1812 1882 judicaret
1830 1825 1848 1877 3
1917 1800 2140 1863 eadem
2196 1800 2317 1863 erit
2362 1802 2618 1881 horum,
2667 1813 2732 1865 ct

670 1911 941 1998 afiorum
985 1911 1169 1973 ratio.
1263 1910 1393 1973 Sed
1447 1910 1500 1972 si
1549 1910 1966 1974 Provincialis
2011 1924 2250 1996 praeter
2293 1924 2447 1992 treS,
2480 1914 2729 1997 aliquos

668 2020 918 2105 eligerit
942 2046 961 2099 3
1005 2019 1250 2103 plures,
1282 2021 1477 2102 quam
1508 2020 1696 2098 duOS,
1727 2021 2000 2104 adjicere
2046 2045 2180 2085 non
2224 2023 2484 2107 poterit,
2513 2024 2626 2104 ita,
2657 2035 2731 2087 ut

671 2130 752 2192 ad
786 2152 1115 2193 summum
1148 2129 1436 2212 quinque
1468 2151 1548 2191 ex
1578 2152 1712 2192 una
1744 2131 2082 2194 Provincia
2110 2132 2398 2197 veniant,

672 2242 776 2304 Ex
810 2241 1146 2320 ProfessiS,
1179 2241 1291 2323 qui
1325 2240 1833 2325 Congregationi
1863 2241 2247 2323 intererunt,
2278 2245 2730 2328 unusquisque

672 2352 1049 2437 suffragium
1094 2351 1385 2429 unicum,
1432 2351 1608 2415 solus
1657 2352 1995 2415 Generalis
2041 2354 2171 2416 duo
2226 2354 2509 2420 habebit.
2601 2356 2731 2420 Sed

671 2466 726 2529 si
769 2487 1079 2529 numerus
1124 2487 1242 2550 par
1295 2475 1485 2543 esset,
1537 2464 1956 2529 Provincialis
2008 2466 2271 2551 reliquis
2307 2468 2725 2552 praeferetur:

672 2590 737 2643 et
770 2579 824 2642 si
855 2578 1025 2641 inter
1053 2577 1231 2663 ipsos
1265 2576 1699 2640 Provinciales
1732 2589 1903 2641 esset
1946 2579 2229 2662 paritas3
2290 2602 2439 2665 pars
2483 2580 2613 2660 illa,
2659 2581 2726 2644 in

671 2713 867 2775 quam
900 2689 1293 2773 Praepositus
1328 2688 1688 2767 GeneraliS,
1718 2689 1821 2752 vel
1857 2690 1934 2772 (si
1964 2690 2020 2753 is
2051 2712 2084 2753 e
2115 2690 2277 2755 vivis
2323 2693 2720 2775 excessisset)

668 2801 876 2885 ipsius
924 2800 1221 2862 Vicarius
1266 2798 1626 2877 inclinabit,
1680 2811 1849 2863 esset
1900 2802 2319 2884 praeferenda.
2412 2802 2510 2865 Ut
2551 2802 2724 2865 enim

668 2911 793 2973 illis
824 2910 1030 2994 magis
1063 2921 1162 2972 est
1193 2910 1627 2972 necessarium
1660 2911 1892 2974 divinae
1923 2911 2146 2994 gratiae
2179 2912 2488 2974 auxilium
2528 2936 2726 2998 prop—

663 3009 1060 3100 ⁴termunus,
1101 3020 1276 3105 quod
1312 3033 1548 3106 gerunt
1568 3048 1588 3101 3
1648 3021 1738 3084 ita
1782 3021 2173 3106 sperandum
2219 3034 2339 3100 est,
2384 3023 2605 3086 Deum
2651 3046 2724 3087 ac

671 3133 1032 3197 Dominum
1063 3144 1359 3196 nostrum
1390 3132 1652 3196 uberius
1682 3133 1751 3195 id
1781 3133 1928 3211 illis,
1959 3145 2034 3195 ut
2066 3133 2349 3196 sentiant
2393 3146 2459 3196 et
2503 3135 2724 3198 dicant

669 3270 815 3332 quae
847 3248 930 3309 ad
959 3247 1163 3332 ipsius
1194 3246 1461 3332 gloriam
1494 3246 1753 3324 faciant,
1782 3245 2187 3330 largiturum.

671 3558 770 3599 AD
806 3557 1014 3604 QUEM
1052 3556 1364 3598 SPECTET
1398 3554 2088 3599 CONGREGATIONEM
2126 3555 2587 3600 GENERALEM

1434 3666 1819 3709 INDICERE.

1452 3781 1648 3845 CAP.
1698 3781 1816 3845 IV.

669 3909 827 3972 Cfm
864 3908 947 3971 ad
977 3906 1345 3991 eligendum
1379 3927 1624 3968 novum
1657 3905 2110 3989 Praepositum,
2133 3905 2344 3989 priore
2375 3905 2509 3968 vita
2536 3907 2721 3968 func-

664 4032 755 4098 to,
804 4025 1203 4082 conventura
1253 4028 1353 4080 est
1404 4015 1727 4079 Societas:
1792 4037 1963 4077 unus
2017 4037 2094 4078 ex
2145 4015 2479 4095 ProfessiS,
2528 4038 2721 4098 quem

667 4153 859 4194 suum
908 4131 975 4193 in
1022 4131 1143 4193 hac
1198 4140 1380 4213 parte
1427 4128 1759 4191 Vicat-ium
1809 4138 1957 4190 ante
2007 4139 2282 4191 mortem
2326 4128 2722 4212 Praepositus

666 4241 1116 4320 nominaverit,
1137 4239 1295 4303 alios
1328 4239 1407 4303 de
1440 4260 1695 4302 summa
1722 4238 1815 4302 rei
1846 4237 2147 4302 certiores
2179 4238 2507 4302 faciendos
2539 4260 2725 4301 cura-
