<?xml version="1.0" encoding="UTF-8"?>
<!DOCTYPE html PUBLIC "-//W3C//DTD XHTML 1.0 Transitional//EN"
    "http://www.w3.org/TR/xhtml1/DTD/xhtml1-transitional.dtd">
<html xmlns="http://www.w3.org/1999/xhtml" xml:lang="en" lang="en">
 <head>
  <title>
</title>
<meta http-equiv="Content-Type" content="text/html;charset=utf-8" />
  <meta name='ocr-system' content='tesseract 3.04.00' />
  <meta name='ocr-capabilities' content='ocr_page ocr_carea ocr_par ocr_line ocrx_word'/>
</head>
<body>
  <div class='ocr_page' id='page_1' title='image "./constitutioness02jesugoog_0038.png"; bbox 0 0 3146 5014; ppageno 0'>
   <div class='ocr_carea' id='block_1_1' title="bbox 568 507 649 562">
    <p class='ocr_par' dir='ltr' id='par_1_1' title="bbox 568 507 649 562">
     <span class='ocr_line' id='line_1_1' title="bbox 568 507 649 562; baseline 0.012 -1"><span class='ocrx_word' id='word_1_1' title='bbox 568 507 649 562; x_wconf 82' lang='lat'><strong>24</strong></span> 
     </span>
    </p>
   </div>
   <div class='ocr_carea' id='block_1_2' title="bbox 1322 519 1973 562">
    <p class='ocr_par' dir='ltr' id='par_1_2' title="bbox 1322 519 1973 562">
     <span class='ocr_line' id='line_1_2' title="bbox 1322 519 1973 562; baseline -0.002 -1"><span class='ocrx_word' id='word_1_2' title='bbox 1322 519 1973 562; x_wconf 82' lang='lat' dir='ltr'>CONSTITUTIONUM</span> 
     </span>
    </p>
   </div>
   <div class='ocr_carea' id='block_1_3' title="bbox 698 680 2753 767">
    <p class='ocr_par' dir='ltr' id='par_1_3' title="bbox 698 680 2753 767">
     <span class='ocr_line' id='line_1_3' title="bbox 698 680 2753 767; baseline 0 -23"><span class='ocrx_word' id='word_1_3' title='bbox 698 683 1069 766; x_wconf 90' lang='lat' dir='ltr'><strong>dispensare</strong></span> <span class='ocrx_word' id='word_1_4' title='bbox 1133 684 1479 767; x_wconf 89' lang='lat' dir='ltr'><strong>quicquam</strong></span> <span class='ocrx_word' id='word_1_5' title='bbox 1542 683 1620 745; x_wconf 95' lang='lat' dir='ltr'><strong>de</strong></span> <span class='ocrx_word' id='word_1_6' title='bbox 1682 682 1781 761; x_wconf 91' lang='lat' dir='ltr'><strong>iis,</strong></span> <span class='ocrx_word' id='word_1_7' title='bbox 1835 704 1980 766; x_wconf 88' lang='lat' dir='ltr'><strong>quae</strong></span> <span class='ocrx_word' id='word_1_8' title='bbox 2030 680 2205 745; x_wconf 92' lang='lat' dir='ltr'><strong>domi</strong></span> <span class='ocrx_word' id='word_1_9' title='bbox 2258 691 2435 760; x_wconf 91' lang='lat' dir='ltr'><strong>sunt,</strong></span> <span class='ocrx_word' id='word_1_10' title='bbox 2485 681 2753 745; x_wconf 76' lang='lat' dir='ltr'><strong>minime</strong></span> 
     </span>
    </p>
   </div>
   <div class='ocr_carea' id='block_1_4' title="bbox 612 791 2750 989">
    <p class='ocr_par' dir='ltr' id='par_1_4' title="bbox 612 791 2750 989">
     <span class='ocr_line' id='line_1_4' title="bbox 612 791 2659 878; baseline 0.001 -23"><span class='ocrx_word' id='word_1_11' title='bbox 612 822 616 828; x_wconf 93' lang='lat'>·</span> <span class='ocrx_word' id='word_1_12' title='bbox 693 801 993 876; x_wconf 84' lang='lat' dir='ltr'><strong>possunt,</strong></span> <span class='ocrx_word' id='word_1_13' title='bbox 1025 793 1151 856; x_wconf 89' lang='lat' dir='ltr'><strong>nisi</strong></span> <span class='ocrx_word' id='word_1_14' title='bbox 1184 793 1490 878; x_wconf 83' lang='lat' dir='ltr'><strong>Superior</strong></span> <span class='ocrx_word' id='word_1_15' title='bbox 1519 793 1818 856; x_wconf 90' lang='lat' dir='ltr'><strong>conscius</strong></span> <span class='ocrx_word' id='word_1_16' title='bbox 1843 814 2233 856; x_wconf 88' lang='lat' dir='ltr'><strong>consensum</strong></span> <span class='ocrx_word' id='word_1_17' title='bbox 2263 791 2659 877; x_wconf 85' lang='lat' dir='ltr'><strong>praestiterit.</strong></span> 
     </span>
     <span class='ocr_line' id='line_1_5' title="bbox 615 902 2750 989; baseline -0 -23"><span class='ocrx_word' id='word_1_18' title='bbox 615 909 654 966; x_wconf 92' lang='lat'>9</span> <span class='ocrx_word' id='word_1_19' title='bbox 703 903 837 968; x_wconf 72' lang='lat' dir='ltr'><strong>Qui</strong></span> <span class='ocrx_word' id='word_1_20' title='bbox 865 903 935 966; x_wconf 92' lang='lat' dir='ltr'><strong>in</strong></span> <span class='ocrx_word' id='word_1_21' title='bbox 956 903 1254 988; x_wconf 90' lang='lat' dir='ltr'><strong>ingressu</strong></span> <span class='ocrx_word' id='word_1_22' title='bbox 1283 903 1447 988; x_wconf 91' lang='lat' dir='ltr'><strong>ipso,</strong></span> <span class='ocrx_word' id='word_1_23' title='bbox 1478 904 1580 967; x_wconf 88' lang='lat' dir='ltr'><strong>vel</strong></span> <span class='ocrx_word' id='word_1_24' title='bbox 1609 916 1759 989; x_wconf 90' lang='lat' dir='ltr'><strong>post</strong></span> <span class='ocrx_word' id='word_1_25' title='bbox 1789 903 2155 988; x_wconf 87' lang='lat' dir='ltr'><strong>ingressum</strong></span> <span class='ocrx_word' id='word_1_26' title='bbox 2186 903 2270 968; x_wconf 88' lang='lat' dir='ltr'><strong>ad</strong></span> <span class='ocrx_word' id='word_1_27' title='bbox 2293 902 2750 967; x_wconf 88' lang='lat' dir='ltr'><strong>Obedientiam</strong></span> 
     </span>
    </p>
   </div>
   <div class='ocr_carea' id='block_1_5' title="bbox 700 1014 2834 1985">
    <p class='ocr_par' dir='ltr' id='par_1_5' title="bbox 700 1014 2834 1985">
     <span class='ocr_line' id='line_1_6' title="bbox 701 1014 2834 1098; baseline -0.001 -22"><span class='ocrx_word' id='word_1_28' title='bbox 701 1022 918 1077; x_wconf 92' lang='lat' dir='ltr'><strong>motus</strong></span> <span class='ocrx_word' id='word_1_29' title='bbox 949 1037 1067 1078; x_wconf 90' lang='lat' dir='ltr'><strong>sua</strong></span> <span class='ocrx_word' id='word_1_30' title='bbox 1096 1015 1456 1093; x_wconf 89' lang='lat' dir='ltr'><strong>devotione,</strong></span> <span class='ocrx_word' id='word_1_31' title='bbox 1487 1014 1678 1077; x_wconf 90' lang='lat' dir='ltr'><strong>vellet</strong></span> <span class='ocrx_word' id='word_1_32' title='bbox 1708 1015 1881 1079; x_wconf 92' lang='lat' dir='ltr'><strong>bona</strong></span> <span class='ocrx_word' id='word_1_33' title='bbox 1926 1036 2043 1078; x_wconf 90' lang='lat' dir='ltr'><strong>sua</strong></span> <span class='ocrx_word' id='word_1_34' title='bbox 2086 1014 2188 1078; x_wconf 90' lang='lat' dir='ltr'><strong>vel</strong></span> <span class='ocrx_word' id='word_1_35' title='bbox 2233 1036 2456 1079; x_wconf 87' lang='lat' dir='ltr'><strong>eorum</strong></span> <span class='ocrx_word' id='word_1_36' title='bbox 2501 1021 2750 1098; x_wconf 85' lang='lat' dir='ltr'><strong>partem</strong></span> <span class='ocrx_word' id='word_1_37' title='bbox 2829 1070 2834 1073; x_wconf 18' lang='grc' dir='ltr'><strong>Α</strong></span> 
     </span>
     <span class='ocr_line' id='line_1_7' title="bbox 701 1123 2751 1210; baseline 0 -24"><span class='ocrx_word' id='word_1_38' title='bbox 701 1127 768 1187; x_wconf 79' lang='lat' dir='ltr'><strong>in</strong></span> <span class='ocrx_word' id='word_1_39' title='bbox 831 1125 1168 1189; x_wconf 77' lang='lat' dir='ltr'><strong>Societatis</strong></span> <span class='ocrx_word' id='word_1_40' title='bbox 1225 1127 1568 1189; x_wconf 70' lang='lat' dir='ltr'><strong>subsidium</strong></span> <span class='ocrx_word' id='word_1_41' title='bbox 1631 1125 2044 1210; x_wconf 85' lang='lat' dir='ltr'><strong>dispensare3</strong></span> <span class='ocrx_word' id='word_1_42' title='bbox 2106 1125 2286 1188; x_wconf 85' lang='lat' dir='ltr'><strong>haud</strong></span> <span class='ocrx_word' id='word_1_43' title='bbox 2340 1123 2538 1188; x_wconf 75' lang='lat' dir='ltr'><strong>dubie</strong></span> <span class='ocrx_word' id='word_1_44' title='bbox 2586 1146 2751 1208; x_wconf 93' lang='lat' dir='ltr'><strong>opus</strong></span> 
     </span>
     <span class='ocr_line' id='line_1_8' title="bbox 700 1234 2750 1321; baseline 0 -24"><span class='ocrx_word' id='word_1_45' title='bbox 700 1235 936 1300; x_wconf 89' lang='lat' dir='ltr'><strong>faceret</strong></span> <span class='ocrx_word' id='word_1_46' title='bbox 965 1236 1224 1321; x_wconf 83' lang='lat' dir='ltr'><strong>majoris</strong></span> <span class='ocrx_word' id='word_1_47' title='bbox 1255 1236 1691 1321; x_wconf 79' lang='lat' dir='ltr'><strong>perfectioniS,</strong></span> <span class='ocrx_word' id='word_1_48' title='bbox 1733 1236 2160 1314; x_wconf 89' lang='lat' dir='ltr'><strong>alienationis,</strong></span> <span class='ocrx_word' id='word_1_49' title='bbox 2192 1247 2256 1299; x_wconf 91' lang='lat' dir='ltr'><strong>et</strong></span> <span class='ocrx_word' id='word_1_50' title='bbox 2303 1234 2750 1320; x_wconf 80' lang='lat' dir='ltr'><strong>abnegationis</strong></span> 
     </span>
     <span class='ocr_line' id='line_1_9' title="bbox 702 1345 2750 1432; baseline -0.001 -23"><span class='ocrx_word' id='word_1_51' title='bbox 702 1346 985 1410; x_wconf 90' lang='lat' dir='ltr'><strong>universi</strong></span> <span class='ocrx_word' id='word_1_52' title='bbox 1014 1347 1247 1410; x_wconf 89' lang='lat' dir='ltr'><strong>amoris</strong></span> <span class='ocrx_word' id='word_1_53' title='bbox 1277 1347 1522 1432; x_wconf 90' lang='lat' dir='ltr'><strong>proprii</strong></span> <span class='ocrx_word' id='word_1_54' title='bbox 1551 1369 1685 1410; x_wconf 90' lang='lat' dir='ltr'><strong>non</strong></span> <span class='ocrx_word' id='word_1_55' title='bbox 1718 1347 2169 1411; x_wconf 91' lang='lat' dir='ltr'><strong>descendendo</strong></span> <span class='ocrx_word' id='word_1_56' title='bbox 2215 1359 2436 1412; x_wconf 89' lang='lat' dir='ltr'><strong>tenero</strong></span> <span class='ocrx_word' id='word_1_57' title='bbox 2469 1345 2750 1429; x_wconf 91' lang='lat' dir='ltr'><strong>quodam</strong></span> 
     </span>
     <span class='ocr_line' id='line_1_10' title="bbox 703 1457 2753 1542; baseline 0 -23"><span class='ocrx_word' id='word_1_58' title='bbox 703 1457 937 1520; x_wconf 87' lang='lat' dir='ltr'><strong>affectu</strong></span> <span class='ocrx_word' id='word_1_59' title='bbox 982 1459 1065 1521; x_wconf 92' lang='lat' dir='ltr'><strong>ad</strong></span> <span class='ocrx_word' id='word_1_60' title='bbox 1115 1458 1523 1542; x_wconf 86' lang='lat' dir='ltr'><strong>particularia</strong></span> <span class='ocrx_word' id='word_1_61' title='bbox 1572 1459 1735 1537; x_wconf 86' lang='lat' dir='ltr'><strong>loca,</strong></span> <span class='ocrx_word' id='word_1_62' title='bbox 1788 1481 1908 1522; x_wconf 89' lang='lat' dir='ltr'><strong>nec</strong></span> <span class='ocrx_word' id='word_1_63' title='bbox 1962 1458 2153 1542; x_wconf 89' lang='lat' dir='ltr'><strong>juxta</strong></span> <span class='ocrx_word' id='word_1_64' title='bbox 2195 1457 2377 1521; x_wconf 93' lang='lat' dir='ltr'><strong>illum</strong></span> <span class='ocrx_word' id='word_1_65' title='bbox 2416 1479 2533 1519; x_wconf 90' lang='lat' dir='ltr'><strong>sua</strong></span> <span class='ocrx_word' id='word_1_66' title='bbox 2578 1457 2753 1520; x_wconf 89' lang='lat' dir='ltr'><strong>bona</strong></span> 
     </span>
     <span class='ocr_line' id='line_1_11' title="bbox 702 1568 2750 1655; baseline 0 -26"><span class='ocrx_word' id='word_1_67' title='bbox 702 1568 855 1631; x_wconf 92' lang='lat' dir='ltr'><strong>huic</strong></span> <span class='ocrx_word' id='word_1_68' title='bbox 883 1568 1124 1652; x_wconf 90' lang='lat' dir='ltr'><strong>potius,</strong></span> <span class='ocrx_word' id='word_1_69' title='bbox 1149 1592 1342 1653; x_wconf 93' lang='lat' dir='ltr'><strong>quam</strong></span> <span class='ocrx_word' id='word_1_70' title='bbox 1372 1569 1465 1632; x_wconf 93' lang='lat' dir='ltr'><strong>illi</strong></span> <span class='ocrx_word' id='word_1_71' title='bbox 1496 1569 1930 1655; x_wconf 87' lang='lat' dir='ltr'><strong>applicando:&#39;</strong></span> <span class='ocrx_word' id='word_1_72' title='bbox 1959 1570 2115 1652; x_wconf 89' lang='lat' dir='ltr'><strong>quin</strong></span> <span class='ocrx_word' id='word_1_73' title='bbox 2145 1568 2364 1652; x_wconf 93' lang='lat' dir='ltr'><strong>potius</strong></span> <span class='ocrx_word' id='word_1_74' title='bbox 2384 1568 2750 1651; x_wconf 86' lang='lat' dir='ltr'><strong>exoptando</strong></span> 
     </span>
     <span class='ocr_line' id='line_1_12' title="bbox 701 1678 2752 1762; baseline -0 -21"><span class='ocrx_word' id='word_1_75' title='bbox 701 1678 910 1762; x_wconf 88' lang='lat' dir='ltr'><strong>majus</strong></span> <span class='ocrx_word' id='word_1_76' title='bbox 959 1688 1025 1742; x_wconf 92' lang='lat' dir='ltr'><strong>et</strong></span> <span class='ocrx_word' id='word_1_77' title='bbox 1071 1679 1495 1743; x_wconf 79' lang='lat' dir='ltr'>universalius</span> <span class='ocrx_word' id='word_1_78' title='bbox 1554 1681 1803 1744; x_wconf 91' lang='lat' dir='ltr'><strong>bonum</strong></span> <span class='ocrx_word' id='word_1_79' title='bbox 1859 1679 2196 1744; x_wconf 87' lang='lat' dir='ltr'><strong>Societatis</strong></span> <span class='ocrx_word' id='word_1_80' title='bbox 2256 1680 2425 1762; x_wconf 88' lang='lat' dir='ltr'><strong>(quae</strong></span> <span class='ocrx_word' id='word_1_81' title='bbox 2476 1684 2616 1741; x_wconf 88' lang='lat' dir='ltr'><strong>tota</strong></span> <span class='ocrx_word' id='word_1_82' title='bbox 2667 1679 2752 1741; x_wconf 90' lang='lat' dir='ltr'><strong>ad</strong></span> 
     </span>
     <span class='ocr_line' id='line_1_13' title="bbox 700 1789 2749 1875; baseline 0 -24"><span class='ocrx_word' id='word_1_83' title='bbox 700 1789 1009 1874; x_wconf 87' lang='lat' dir='ltr'><strong>majorem</strong></span> <span class='ocrx_word' id='word_1_84' title='bbox 1040 1791 1168 1854; x_wconf 92' lang='lat' dir='ltr'><strong>Dei</strong></span> <span class='ocrx_word' id='word_1_85' title='bbox 1197 1791 1488 1875; x_wconf 84' lang='lat' dir='ltr'><strong>gloriam,</strong></span> <span class='ocrx_word' id='word_1_86' title='bbox 1520 1814 1595 1855; x_wconf 89' lang='lat' dir='ltr'><strong>ac</strong></span> <span class='ocrx_word' id='word_1_87' title='bbox 1626 1791 1983 1856; x_wconf 85' lang='lat' dir='ltr'><strong>universale</strong></span> <span class='ocrx_word' id='word_1_88' title='bbox 2013 1790 2284 1870; x_wconf 92' lang='lat' dir='ltr'><strong>bonum,</strong></span> <span class='ocrx_word' id='word_1_89' title='bbox 2308 1798 2373 1853; x_wconf 93' lang='lat' dir='ltr'><strong>et</strong></span> <span class='ocrx_word' id='word_1_90' title='bbox 2403 1789 2749 1853; x_wconf 84' lang='lat' dir='ltr'><strong>utilitatem</strong></span> 
     </span>
     <span class='ocr_line' id='line_1_14' title="bbox 702 1900 2752 1985; baseline 0.001 -24"><span class='ocrx_word' id='word_1_91' title='bbox 702 1900 1062 1963; x_wconf 87' lang='lat' dir='ltr'><strong>animarum</strong></span> <span class='ocrx_word' id='word_1_92' title='bbox 1100 1901 1403 1965; x_wconf 89' lang='lat' dir='ltr'><strong>instituta</strong></span> <span class='ocrx_word' id='word_1_93' title='bbox 1447 1903 1567 1984; x_wconf 91' lang='lat' dir='ltr'><strong>est)</strong></span> <span class='ocrx_word' id='word_1_94' title='bbox 1620 1904 1744 1965; x_wconf 94' lang='lat' dir='ltr'><strong>hoc</strong></span> <span class='ocrx_word' id='word_1_95' title='bbox 1778 1901 2101 1985; x_wconf 87' lang='lat' dir='ltr'><strong>judicium</strong></span> <span class='ocrx_word' id='word_1_96' title='bbox 2148 1901 2206 1963; x_wconf 90' lang='lat' dir='ltr'><strong>ei</strong></span> <span class='ocrx_word' id='word_1_97' title='bbox 2248 1901 2593 1983; x_wconf 91' lang='lat' dir='ltr'><strong>relinquat,</strong></span> <span class='ocrx_word' id='word_1_98' title='bbox 2638 1900 2752 1983; x_wconf 88' lang='lat' dir='ltr'><strong>qui</strong></span> 
     </span>
    </p>
   </div>
   <div class='ocr_carea' id='block_1_6' title="bbox 677 1996 2750 2095">
    <p class='ocr_par' dir='ltr' id='par_1_6' title="bbox 677 1996 2750 2095">
     <span class='ocr_line' id='line_1_15' title="bbox 677 1996 2750 2095; baseline 0.001 -24"><span class='ocrx_word' id='word_1_99' title='bbox 677 1996 838 2092; x_wconf 72' lang='lat' dir='ltr'><strong>¹ejus</strong></span> <span class='ocrx_word' id='word_1_100' title='bbox 899 2011 1214 2075; x_wconf 77' lang='lat' dir='ltr'><strong>universae</strong></span> <span class='ocrx_word' id='word_1_101' title='bbox 1275 2034 1496 2076; x_wconf 89' lang='lat' dir='ltr'><strong>curam</strong></span> <span class='ocrx_word' id='word_1_102' title='bbox 1556 2012 1775 2089; x_wconf 91' lang='lat' dir='ltr'><strong>habet,</strong></span> <span class='ocrx_word' id='word_1_103' title='bbox 1837 2033 1996 2073; x_wconf 90' lang='lat' dir='ltr'><strong>num</strong></span> <span class='ocrx_word' id='word_1_104' title='bbox 2046 2010 2354 2095; x_wconf 85' lang='lat' dir='ltr'><strong>applicari</strong></span> <span class='ocrx_word' id='word_1_105' title='bbox 2407 2011 2561 2073; x_wconf 92' lang='lat' dir='ltr'><strong>huic</strong></span> <span class='ocrx_word' id='word_1_106' title='bbox 2608 2010 2750 2074; x_wconf 91' lang='lat' dir='ltr'><strong>loco</strong></span> 
     </span>
    </p>
   </div>
   <div class='ocr_carea' id='block_1_7' title="bbox 692 2120 2752 2964">
    <p class='ocr_par' dir='ltr' id='par_1_7' title="bbox 692 2120 2752 2964">
     <span class='ocr_line' id='line_1_16' title="bbox 698 2120 2752 2206; baseline 0 -22"><span class='ocrx_word' id='word_1_107' title='bbox 698 2120 940 2205; x_wconf 78' lang='lat' dir='ltr'><strong>potiuS,</strong></span> <span class='ocrx_word' id='word_1_108' title='bbox 989 2124 1181 2206; x_wconf 71' lang='lat' dir='ltr'><strong>quam</strong></span> <span class='ocrx_word' id='word_1_109' title='bbox 1221 2124 1313 2187; x_wconf 91' lang='lat' dir='ltr'><strong>illi</strong></span> <span class='ocrx_word' id='word_1_110' title='bbox 1366 2125 1434 2187; x_wconf 93' lang='lat' dir='ltr'><strong>in</strong></span> <span class='ocrx_word' id='word_1_111' title='bbox 1476 2124 1700 2186; x_wconf 86' lang='lat' dir='ltr'><strong>eadem</strong></span> <span class='ocrx_word' id='word_1_112' title='bbox 1749 2121 2085 2186; x_wconf 87' lang='lat' dir='ltr'><strong>Provincia</strong></span> <span class='ocrx_word' id='word_1_113' title='bbox 2126 2121 2397 2185; x_wconf 82' lang='lat' dir='ltr'><strong>debeat:</strong></span> <span class='ocrx_word' id='word_1_114' title='bbox 2460 2123 2752 2205; x_wconf 88' lang='lat' dir='ltr'><strong>quando-</strong></span> 
     </span>
     <span class='ocr_line' id='line_1_17' title="bbox 699 2230 2750 2317; baseline 0.001 -23"><span class='ocrx_word' id='word_1_115' title='bbox 699 2230 963 2315; x_wconf 88' lang='lat' dir='ltr'><strong>quidem</strong></span> <span class='ocrx_word' id='word_1_116' title='bbox 1022 2233 1127 2297; x_wconf 91' lang='lat' dir='ltr'><strong>ille</strong></span> <span class='ocrx_word' id='word_1_117' title='bbox 1188 2235 1440 2313; x_wconf 90' lang='lat' dir='ltr'><strong>melius,</strong></span> <span class='ocrx_word' id='word_1_118' title='bbox 1503 2234 1696 2317; x_wconf 72' lang='lat' dir='ltr'><strong>quam</strong></span> <span class='ocrx_word' id='word_1_119' title='bbox 1758 2232 2101 2316; x_wconf 88' lang='lat' dir='ltr'><strong>quisquam</strong></span> <span class='ocrx_word' id='word_1_120' title='bbox 2172 2232 2334 2296; x_wconf 90' lang='lat' dir='ltr'><strong>alius</strong></span> <span class='ocrx_word' id='word_1_121' title='bbox 2394 2232 2750 2317; x_wconf 88' lang='lat' dir='ltr'><strong>intelligere</strong></span> 
     </span>
     <span class='ocr_line' id='line_1_18' title="bbox 697 2342 2752 2427; baseline 0 -22"><span class='ocrx_word' id='word_1_122' title='bbox 697 2353 936 2426; x_wconf 89' lang='lat' dir='ltr'><strong>potest,</strong></span> <span class='ocrx_word' id='word_1_123' title='bbox 978 2344 1135 2427; x_wconf 92' lang='lat' dir='ltr'><strong>quid</strong></span> <span class='ocrx_word' id='word_1_124' title='bbox 1175 2345 1453 2407; x_wconf 76' lang='lat' dir='ltr'><strong>maxime</strong></span> <span class='ocrx_word' id='word_1_125' title='bbox 1492 2343 1855 2420; x_wconf 89' lang='lat' dir='ltr'><strong>conveniat,</strong></span> <span class='ocrx_word' id='word_1_126' title='bbox 1887 2351 1952 2407; x_wconf 93' lang='lat' dir='ltr'><strong>et</strong></span> <span class='ocrx_word' id='word_1_127' title='bbox 1998 2342 2160 2425; x_wconf 90' lang='lat' dir='ltr'><strong>quid</strong></span> <span class='ocrx_word' id='word_1_128' title='bbox 2203 2342 2480 2412; x_wconf 85' lang='lat' dir='ltr'><strong>maxime</strong></span> <span class='ocrx_word' id='word_1_129' title='bbox 2525 2353 2752 2427; x_wconf 87' lang='lat' dir='ltr'><strong>urgeat</strong></span> 
     </span>
     <span class='ocr_line' id='line_1_19' title="bbox 697 2452 2751 2540; baseline 0 -24"><span class='ocrx_word' id='word_1_130' title='bbox 697 2452 765 2517; x_wconf 92' lang='lat' dir='ltr'><strong>in</strong></span> <span class='ocrx_word' id='word_1_131' title='bbox 798 2455 1100 2519; x_wconf 90' lang='lat' dir='ltr'><strong>omnibus</strong></span> <span class='ocrx_word' id='word_1_132' title='bbox 1132 2454 1271 2540; x_wconf 90' lang='lat' dir='ltr'><strong>ejus</strong></span> <span class='ocrx_word' id='word_1_133' title='bbox 1299 2454 1480 2535; x_wconf 90' lang='lat' dir='ltr'><strong>locis,</strong></span> <span class='ocrx_word' id='word_1_134' title='bbox 1509 2454 1757 2518; x_wconf 87' lang='lat' dir='ltr'><strong>ratione</strong></span> <span class='ocrx_word' id='word_1_135' title='bbox 1788 2455 2011 2519; x_wconf 85' lang='lat' dir='ltr'><strong>habita</strong></span> <span class='ocrx_word' id='word_1_136' title='bbox 2039 2455 2317 2540; x_wconf 85' lang='lat' dir='ltr'><strong>Regum,</strong></span> <span class='ocrx_word' id='word_1_137' title='bbox 2353 2454 2751 2540; x_wconf 88' lang='lat' dir='ltr'><strong>Principum,</strong></span> 
     </span>
     <span class='ocr_line' id='line_1_20' title="bbox 698 2565 2749 2644; baseline -0.001 -15"><span class='ocrx_word' id='word_1_138' title='bbox 698 2586 772 2629; x_wconf 90' lang='lat' dir='ltr'><strong>ac</strong></span> <span class='ocrx_word' id='word_1_139' title='bbox 813 2567 1084 2631; x_wconf 90' lang='lat' dir='ltr'><strong>aliorum</strong></span> <span class='ocrx_word' id='word_1_140' title='bbox 1129 2567 1637 2644; x_wconf 85' lang='lat' dir='ltr'><strong>Potentatuum3</strong></span> <span class='ocrx_word' id='word_1_141' title='bbox 1705 2588 1788 2629; x_wconf 91' lang='lat' dir='ltr'><strong>ne</strong></span> <span class='ocrx_word' id='word_1_142' title='bbox 1838 2565 1928 2629; x_wconf 89' lang='lat' dir='ltr'><strong>eis</strong></span> <span class='ocrx_word' id='word_1_143' title='bbox 1970 2587 2164 2630; x_wconf 89' lang='lat' dir='ltr'><strong>causa</strong></span> <span class='ocrx_word' id='word_1_144' title='bbox 2208 2566 2341 2630; x_wconf 92' lang='lat' dir='ltr'><strong>ulla</strong></span> <span class='ocrx_word' id='word_1_145' title='bbox 2379 2566 2749 2630; x_wconf 87' lang='lat' dir='ltr'><strong>offensionis</strong></span> 
     </span>
     <span class='ocr_line' id='line_1_21' title="bbox 699 2677 2750 2762; baseline 0 -22"><span class='ocrx_word' id='word_1_146' title='bbox 699 2678 929 2756; x_wconf 85' lang='lat' dir='ltr'><strong>detur3</strong></span> <span class='ocrx_word' id='word_1_147' title='bbox 977 2679 1092 2742; x_wconf 90' lang='lat' dir='ltr'><strong>sed</strong></span> <span class='ocrx_word' id='word_1_148' title='bbox 1135 2678 1218 2741; x_wconf 90' lang='lat' dir='ltr'><strong>ad</strong></span> <span class='ocrx_word' id='word_1_149' title='bbox 1262 2677 1569 2762; x_wconf 89' lang='lat' dir='ltr'><strong>majorem</strong></span> <span class='ocrx_word' id='word_1_150' title='bbox 1614 2677 2108 2742; x_wconf 68' lang='lat' dir='ltr'><strong>aedificationem</strong></span> <span class='ocrx_word' id='word_1_151' title='bbox 2155 2679 2469 2757; x_wconf 90' lang='lat' dir='ltr'><strong>omnium,</strong></span> <span class='ocrx_word' id='word_1_152' title='bbox 2509 2688 2575 2741; x_wconf 92' lang='lat' dir='ltr'><strong>et</strong></span> <span class='ocrx_word' id='word_1_153' title='bbox 2620 2678 2750 2762; x_wconf 90' lang='lat' dir='ltr'><strong>spi-</strong></span> 
     </span>
     <span class='ocr_line' id='line_1_22' title="bbox 692 2791 2752 2876; baseline 0 -23"><span class='ocrx_word' id='word_1_154' title='bbox 692 2792 990 2853; x_wconf 90' lang='lat' dir='ltr'><strong>ritualem</strong></span> <span class='ocrx_word' id='word_1_155' title='bbox 1048 2792 1395 2856; x_wconf 81' lang='lat' dir='ltr'><strong>utilitatem</strong></span> <span class='ocrx_word' id='word_1_156' title='bbox 1457 2791 1839 2869; x_wconf 85' lang='lat' dir='ltr'><strong>animarum,</strong></span> <span class='ocrx_word' id='word_1_157' title='bbox 1902 2804 1966 2854; x_wconf 91' lang='lat' dir='ltr'><strong>et</strong></span> <span class='ocrx_word' id='word_1_158' title='bbox 2027 2793 2296 2876; x_wconf 86' lang='lat' dir='ltr'><strong>gloriam</strong></span> <span class='ocrx_word' id='word_1_159' title='bbox 2345 2792 2472 2855; x_wconf 93' lang='lat' dir='ltr'><strong>Dei</strong></span> <span class='ocrx_word' id='word_1_160' title='bbox 2534 2791 2752 2854; x_wconf 88' lang='lat' dir='ltr'><strong>omnia</strong></span> 
     </span>
     <span class='ocr_line' id='line_1_23' title="bbox 697 2901 949 2964; baseline 0.004 -1"><span class='ocrx_word' id='word_1_161' title='bbox 697 2901 949 2964; x_wconf 86' lang='lat' dir='ltr'><strong>cedant.</strong></span> 
     </span>
    </p>
   </div>
   <div class='ocr_carea' id='block_1_8' title="bbox 572 3010 2750 3095">
    <p class='ocr_par' dir='ltr' id='par_1_8' title="bbox 572 3010 2750 3095">
     <span class='ocr_line' id='line_1_24' title="bbox 572 3010 2750 3095; baseline 0.001 -22"><span class='ocrx_word' id='word_1_162' title='bbox 572 3018 654 3075; x_wconf 93' lang='lat'><strong>10</strong></span> <span class='ocrx_word' id='word_1_163' title='bbox 698 3012 1075 3075; x_wconf 88' lang='lat' dir='ltr'><strong>Doceantur</strong></span> <span class='ocrx_word' id='word_1_164' title='bbox 1123 3011 1447 3095; x_wconf 92' lang='lat' dir='ltr'><strong>quomodo</strong></span> <span class='ocrx_word' id='word_1_165' title='bbox 1502 3011 1584 3074; x_wconf 95' lang='lat' dir='ltr'><strong>ab</strong></span> <span class='ocrx_word' id='word_1_166' title='bbox 1635 3010 2046 3076; x_wconf 83' lang='lat' dir='ltr'><strong>illusionibus</strong></span> <span class='ocrx_word' id='word_1_167' title='bbox 2098 3013 2431 3076; x_wconf 88' lang='lat' dir='ltr'><strong>Daemonis</strong></span> <span class='ocrx_word' id='word_1_168' title='bbox 2491 3011 2560 3074; x_wconf 91' lang='lat' dir='ltr'><strong>in</strong></span> <span class='ocrx_word' id='word_1_169' title='bbox 2615 3012 2750 3077; x_wconf 90' lang='lat' dir='ltr'><strong>suis</strong></span> 
     </span>
    </p>
   </div>
   <div class='ocr_carea' id='block_1_9' title="bbox 685 3120 2751 3969">
    <p class='ocr_par' dir='ltr' id='par_1_9' title="bbox 685 3120 2751 3969">
     <span class='ocr_line' id='line_1_25' title="bbox 685 3120 2750 3213; baseline 0.002 -30"><span class='ocrx_word' id='word_1_170' title='bbox 685 3121 1127 3213; x_wconf 86' lang='lat' dir='ltr'><strong>spiritualibus</strong></span> <span class='ocrx_word' id='word_1_171' title='bbox 1188 3121 1753 3199; x_wconf 84' lang='lat' dir='ltr'><strong>exercitationibus</strong></span> <span class='ocrx_word' id='word_1_172' title='bbox 1824 3131 2110 3200; x_wconf 85' lang='lat' dir='ltr'><strong>caveant,</strong></span> <span class='ocrx_word' id='word_1_173' title='bbox 2170 3133 2235 3185; x_wconf 88' lang='lat' dir='ltr'><strong>et</strong></span> <span class='ocrx_word' id='word_1_174' title='bbox 2294 3120 2619 3204; x_wconf 90' lang='lat' dir='ltr'><strong>quomodo</strong></span> <span class='ocrx_word' id='word_1_175' title='bbox 2682 3144 2750 3187; x_wconf 90' lang='lat' dir='ltr'><strong>se</strong></span> 
     </span>
     <span class='ocr_line' id='line_1_26' title="bbox 699 3232 2750 3299; baseline 0.001 -3"><span class='ocrx_word' id='word_1_176' title='bbox 699 3243 926 3296; x_wconf 89' lang='lat' dir='ltr'><strong>contra</strong></span> <span class='ocrx_word' id='word_1_177' title='bbox 997 3255 1221 3298; x_wconf 91' lang='lat' dir='ltr'><strong>omnes</strong></span> <span class='ocrx_word' id='word_1_178' title='bbox 1296 3234 1688 3298; x_wconf 86' lang='lat' dir='ltr'><strong>tentationes</strong></span> <span class='ocrx_word' id='word_1_179' title='bbox 1762 3242 2115 3298; x_wconf 89' lang='lat' dir='ltr'><strong>tueantur:</strong></span> <span class='ocrx_word' id='word_1_180' title='bbox 2204 3232 2396 3295; x_wconf 91' lang='lat' dir='ltr'><strong>simul</strong></span> <span class='ocrx_word' id='word_1_181' title='bbox 2468 3233 2750 3299; x_wconf 89' lang='lat' dir='ltr'><strong>rationes</strong></span> 
     </span>
     <span class='ocr_line' id='line_1_27' title="bbox 700 3343 2750 3432; baseline -0 -23"><span class='ocrx_word' id='word_1_182' title='bbox 700 3346 928 3425; x_wconf 88' lang='lat' dir='ltr'><strong>sciant,</strong></span> <span class='ocrx_word' id='word_1_183' title='bbox 989 3368 1184 3430; x_wconf 91' lang='lat' dir='ltr'><strong>quam</strong></span> <span class='ocrx_word' id='word_1_184' title='bbox 1259 3346 1397 3409; x_wconf 90' lang='lat' dir='ltr'><strong>fieri</strong></span> <span class='ocrx_word' id='word_1_185' title='bbox 1471 3353 1711 3432; x_wconf 92' lang='lat' dir='ltr'><strong>potest,</strong></span> <span class='ocrx_word' id='word_1_186' title='bbox 1772 3343 2262 3430; x_wconf 75' lang='lat' dir='ltr'><strong>diligentissime</strong></span> <span class='ocrx_word' id='word_1_187' title='bbox 2331 3345 2750 3427; x_wconf 89' lang='lat' dir='ltr'><strong>conquisitas,</strong></span> 
     </span>
     <span class='ocr_line' id='line_1_28' title="bbox 699 3454 2751 3543; baseline -0 -23"><span class='ocrx_word' id='word_1_188' title='bbox 699 3457 936 3540; x_wconf 92' lang='lat' dir='ltr'><strong>quibus</strong></span> <span class='ocrx_word' id='word_1_189' title='bbox 997 3469 1062 3521; x_wconf 95' lang='lat' dir='ltr'><strong>et</strong></span> <span class='ocrx_word' id='word_1_190' title='bbox 1121 3458 1205 3521; x_wconf 89' lang='lat' dir='ltr'><strong>ad</strong></span> <span class='ocrx_word' id='word_1_191' title='bbox 1275 3459 1673 3543; x_wconf 86' lang='lat' dir='ltr'><strong>superandas</strong></span> <span class='ocrx_word' id='word_1_192' title='bbox 1743 3454 2131 3520; x_wconf 88' lang='lat' dir='ltr'><strong>tentationes</strong></span> <span class='ocrx_word' id='word_1_193' title='bbox 2192 3465 2482 3533; x_wconf 89' lang='lat' dir='ltr'><strong>utantur,</strong></span> <span class='ocrx_word' id='word_1_194' title='bbox 2543 3463 2609 3518; x_wconf 92' lang='lat' dir='ltr'><strong>et</strong></span> <span class='ocrx_word' id='word_1_195' title='bbox 2668 3457 2751 3519; x_wconf 83' lang='lat' dir='ltr'><strong>ad</strong></span> 
     </span>
     <span class='ocr_line' id='line_1_29' title="bbox 697 3566 2749 3654; baseline -0 -23"><span class='ocrx_word' id='word_1_196' title='bbox 697 3589 880 3632; x_wconf 88' lang='lat' dir='ltr'><strong>veras</strong></span> <span class='ocrx_word' id='word_1_197' title='bbox 925 3569 1289 3654; x_wconf 89' lang='lat' dir='ltr'><strong>solidasque</strong></span> <span class='ocrx_word' id='word_1_198' title='bbox 1334 3569 1607 3634; x_wconf 84' lang='lat' dir='ltr'><strong>virtutes</strong></span> <span class='ocrx_word' id='word_1_199' title='bbox 1663 3568 2147 3652; x_wconf 86' lang='lat' dir='ltr'><strong>consequendas</strong></span> <span class='ocrx_word' id='word_1_200' title='bbox 2200 3566 2503 3631; x_wconf 89' lang='lat' dir='ltr'><strong>insistant</strong></span> <span class='ocrx_word' id='word_1_201' title='bbox 2535 3592 2553 3645; x_wconf 84' lang='lat'>3</span> <span class='ocrx_word' id='word_1_202' title='bbox 2617 3567 2749 3630; x_wconf 88' lang='lat' dir='ltr'><strong>sive</strong></span> 
     </span>
     <span class='ocr_line' id='line_1_30' title="bbox 696 3678 2747 3764; baseline -0 -23"><span class='ocrx_word' id='word_1_203' title='bbox 696 3678 915 3764; x_wconf 89' lang='lat' dir='ltr'><strong>plures</strong></span> <span class='ocrx_word' id='word_1_204' title='bbox 976 3680 1191 3744; x_wconf 90' lang='lat' dir='ltr'><strong>adsint</strong></span> <span class='ocrx_word' id='word_1_205' title='bbox 1254 3680 1651 3746; x_wconf 84' lang='lat' dir='ltr'><strong>visitationes</strong></span> <span class='ocrx_word' id='word_1_206' title='bbox 1715 3679 2101 3763; x_wconf 90' lang='lat' dir='ltr'><strong>spirituales,</strong></span> <span class='ocrx_word' id='word_1_207' title='bbox 2172 3679 2302 3742; x_wconf 90' lang='lat' dir='ltr'><strong>sive</strong></span> <span class='ocrx_word' id='word_1_208' title='bbox 2372 3678 2747 3764; x_wconf 84' lang='lat' dir='ltr'><strong>pauciores:</strong></span> 
     </span>
     <span class='ocr_line' id='line_1_31' title="bbox 699 3790 2749 3877; baseline -0 -22"><span class='ocrx_word' id='word_1_209' title='bbox 699 3804 927 3856; x_wconf 89' lang='lat' dir='ltr'><strong>curent</strong></span> <span class='ocrx_word' id='word_1_210' title='bbox 985 3794 1137 3857; x_wconf 75' lang='lat' dir='ltr'><strong>vero</strong></span> <span class='ocrx_word' id='word_1_211' title='bbox 1198 3815 1452 3877; x_wconf 91' lang='lat' dir='ltr'><strong>semper</strong></span> <span class='ocrx_word' id='word_1_212' title='bbox 1508 3792 1581 3854; x_wconf 92' lang='lat' dir='ltr'><strong>in</strong></span> <span class='ocrx_word' id='word_1_213' title='bbox 1639 3790 1743 3854; x_wconf 84' lang='lat' dir='ltr'><strong>via</strong></span> <span class='ocrx_word' id='word_1_214' title='bbox 1795 3790 1995 3855; x_wconf 86' lang='lat' dir='ltr'><strong>divini</strong></span> <span class='ocrx_word' id='word_1_215' title='bbox 2048 3790 2287 3853; x_wconf 87' lang='lat' dir='ltr'><strong>servitii</strong></span> <span class='ocrx_word' id='word_1_216' title='bbox 2333 3812 2749 3875; x_wconf 87' lang='lat' dir='ltr'><strong>progressum</strong></span> 
     </span>
     <span class='ocr_line' id='line_1_32' title="bbox 699 3906 926 3969; baseline 0.009 -2"><span class='ocrx_word' id='word_1_217' title='bbox 699 3906 926 3969; x_wconf 86' lang='lat' dir='ltr'><strong>facere.</strong></span> 
     </span>
    </p>
   </div>
   <div class='ocr_carea' id='block_1_10' title="bbox 574 4012 2755 4098">
    <p class='ocr_par' dir='ltr' id='par_1_10' title="bbox 574 4012 2755 4098">
     <span class='ocr_line' id='line_1_33' title="bbox 574 4012 2755 4098; baseline -0.001 -21"><span class='ocrx_word' id='word_1_218' title='bbox 574 4023 647 4077; x_wconf 96' lang='grc'><strong>11</strong></span> <span class='ocrx_word' id='word_1_219' title='bbox 701 4015 990 4078; x_wconf 89' lang='lat' dir='ltr'><strong>Utantur</strong></span> <span class='ocrx_word' id='word_1_220' title='bbox 1007 4015 1292 4098; x_wconf 89' lang='lat' dir='ltr'><strong>quotidie</strong></span> <span class='ocrx_word' id='word_1_221' title='bbox 1324 4014 1735 4079; x_wconf 82' lang='lat' dir='ltr'><strong>conscientiae</strong></span> <span class='ocrx_word' id='word_1_222' title='bbox 1767 4036 1901 4077; x_wconf 89' lang='lat' dir='ltr'><strong>suae</strong></span> <span class='ocrx_word' id='word_1_223' title='bbox 1933 4012 2402 4078; x_wconf 87' lang='lat' dir='ltr'><strong>examinatione</strong></span> <span class='ocrx_word' id='word_1_224' title='bbox 2423 4024 2755 4092; x_wconf 91' lang='lat' dir='ltr'><strong>consueta,</strong></span> 
     </span>
    </p>
   </div>
   <div class='ocr_carea' id='block_1_11' title="bbox 699 4125 2754 4321">
    <p class='ocr_par' dir='ltr' id='par_1_11' title="bbox 699 4125 2754 4321">
     <span class='ocr_line' id='line_1_34' title="bbox 699 4125 2753 4210; baseline 0 -22"><span class='ocrx_word' id='word_1_225' title='bbox 699 4137 763 4189; x_wconf 89' lang='lat' dir='ltr'><strong>et</strong></span> <span class='ocrx_word' id='word_1_226' title='bbox 816 4138 1041 4191; x_wconf 88' lang='lat' dir='ltr'><strong>octavo</strong></span> <span class='ocrx_word' id='word_1_227' title='bbox 1104 4148 1360 4210; x_wconf 88' lang='lat' dir='ltr'><strong>quoque</strong></span> <span class='ocrx_word' id='word_1_228' title='bbox 1406 4126 1508 4191; x_wconf 85' lang='lat' dir='ltr'><strong>die</strong></span> <span class='ocrx_word' id='word_1_229' title='bbox 1556 4127 1783 4190; x_wconf 88' lang='lat' dir='ltr'><strong>saltem</strong></span> <span class='ocrx_word' id='word_1_230' title='bbox 1838 4126 1921 4189; x_wconf 85' lang='lat' dir='ltr'><strong>ad</strong></span> <span class='ocrx_word' id='word_1_231' title='bbox 1970 4125 2413 4191; x_wconf 88' lang='lat' dir='ltr'><strong>Confessionis</strong></span> <span class='ocrx_word' id='word_1_232' title='bbox 2451 4137 2515 4190; x_wconf 92' lang='lat' dir='ltr'><strong>et</strong></span> <span class='ocrx_word' id='word_1_233' title='bbox 2555 4125 2753 4189; x_wconf 88' lang='lat' dir='ltr'><strong>Com-</strong></span> 
     </span>
     <span class='ocr_line' id='line_1_35' title="bbox 700 4237 2754 4321; baseline 0.001 -22"><span class='ocrx_word' id='word_1_234' title='bbox 700 4237 1026 4301; x_wconf 89' lang='lat' dir='ltr'><strong>munionis</strong></span> <span class='ocrx_word' id='word_1_235' title='bbox 1077 4250 1476 4302; x_wconf 86' lang='lat' dir='ltr'><strong>sacramenta</strong></span> <span class='ocrx_word' id='word_1_236' title='bbox 1537 4239 1897 4314; x_wconf 82' lang='lat' dir='ltr'><strong>accedant3</strong></span> <span class='ocrx_word' id='word_1_237' title='bbox 1975 4240 2098 4301; x_wconf 76' lang='lat' dir='ltr'><strong>nisi</strong></span> <span class='ocrx_word' id='word_1_238' title='bbox 2156 4238 2369 4321; x_wconf 87' lang='lat' dir='ltr'><strong>aliqua</strong></span> <span class='ocrx_word' id='word_1_239' title='bbox 2397 4268 2402 4273; x_wconf 56' lang='grc'>’</span> <span class='ocrx_word' id='word_1_240' title='bbox 2430 4238 2508 4300; x_wconf 90' lang='lat' dir='ltr'><strong>de</strong></span> <span class='ocrx_word' id='word_1_241' title='bbox 2559 4259 2754 4301; x_wconf 86' lang='lat' dir='ltr'><strong>causa</strong></span> 
     </span>
    </p>
   </div>
  </div>
 </body>
</html>
