3146 5014
556 508 664 565 22·

1318 529 1969 574 CONSTITUTIONUM

684 689 899 752 debita
929 712 1093 774 opus
1125 704 1262 756 est:
1310 707 1375 758 et
1404 695 1496 757 ita
1526 707 1753 779 agetur
1796 696 2004 780 primo
2050 696 2193 758 loco
2231 694 2493 778 quidem
2525 693 2604 758 dc
2635 694 2735 773 iis,

683 820 827 882 quae
873 801 955 863 ad
1000 802 1322 881 animam3
1390 807 1674 869 seeundo
1728 806 1808 869 de
1856 806 1955 884 iis,
1998 827 2141 888 quae
2187 806 2269 869 ad
2315 827 2549 890 eorpus
2589 827 2735 889 per-

681 909 912 975 tinent.

686 1021 881 1085 Quod
922 1024 1004 1086 ad
1043 1025 1324 1089 animam
1369 1028 1624 1106 attinet,
1666 1029 1813 1091 eum
1860 1028 2025 1091 tanti
2064 1028 2317 1106 referat,
2347 1048 2479 1106 eoS,
2510 1027 2621 1110 qui
2663 1026 2731 1089 in

681 1133 1170 1217 probationibus
1221 1150 1582 1218 versantur,
1643 1138 1723 1203 ab
1786 1138 2089 1202 omnibus
2139 1136 2732 1223 imperfectionibus

680 1255 745 1307 et
781 1245 1115 1328 quibusvis
1167 1248 1649 1333 impedimentis
1702 1250 1962 1335 majoris
2007 1248 2357 1334 spiritualis
2404 1248 2733 1332 profectus

681 1377 1048 1436 removere3
1115 1358 1394 1422 multum
1426 1360 1508 1422 ad
1551 1360 1621 1422 id
1669 1359 1940 1438 confert,
1993 1380 2252 1423 omnem
2297 1357 2732 1422 communica-

681 1465 924 1529 tionem
955 1489 1072 1552 per
1100 1468 1315 1549 verba,
1346 1481 1410 1533 et
1443 1470 1685 1556 scripta
1726 1479 1803 1534 ut
1848 1469 2152 1556 abjiciant
2196 1491 2346 1532 cum
2389 1467 2490 1546 iis,
2521 1467 2634 1551 qui
2663 1467 2731 1530 in

678 1577 1012 1661 proposito
1044 1578 1168 1642 sibi
1196 1579 1497 1645 instituto
1540 1581 1986 1666 intepescendi
2031 1601 2224 1644 causa
2267 1600 2405 1641 esse
2441 1588 2733 1662 possent,

677 1698 741 1750 et
781 1698 855 1751 ut
895 1688 964 1751 in
999 1688 1103 1752 via
1153 1690 1469 1775 spirituali
1516 1691 1876 1757 incedendo
1926 1714 2077 1756 cum
2112 1691 2191 1754 iis
2229 1690 2544 1752 duntaxat
2584 1711 2731 1773 per-

677 1799 873 1878 soniS,
933 1813 997 1865 et
1055 1801 1134 1865 iis
1194 1803 1274 1865 de
1332 1804 1526 1868 rebus
1588 1815 1806 1888 agant,
1866 1826 2012 1888 quae
2074 1803 2310 1887 juvent
2383 1801 2452 1864 in
2513 1799 2729 1865 divino

675 1910 982 1993 obsequio
1014 1912 1097 1974 ad
1136 1912 1206 1975 id
1244 1914 1796 1997 consequendum,
1842 1912 2017 1995 quod
2059 1912 2127 1974 in
2172 1912 2468 1994 ingressu
2515 1909 2730 1975 Socie-

675 2006 827 2083 tatis
860 2021 983 2083 sibi
1011 2032 1086 2084 ut
1117 2043 1389 2107 scopum
1418 2022 1864 2108 praefigebant.

678 2132 927 2194 Eadem
968 2132 1047 2195 de
1089 2155 1283 2197 eausa
1322 2135 1539 2219 egredi
1586 2134 1780 2198 domo
1825 2155 1956 2197 non
1999 2132 2260 2213 debent,
2291 2133 2417 2196 nisi
2447 2134 2747 2217 quandO,

674 2253 739 2307 et
770 2265 919 2306 eum
951 2265 1081 2327 quo
1121 2245 1293 2309 socio
1327 2246 1655 2330 Superiori
1697 2245 1911 2310 visum
1956 2245 2170 2309 fuerit.
2262 2245 2404 2307 Nec
2442 2245 2619 2308 domi
2662 2244 2732 2307 hi

675 2376 825 2417 eum
861 2355 986 2418 illis
1028 2355 1225 2420 libere
1269 2379 1388 2442 pro
1421 2378 1537 2421 suo
1569 2356 1882 2421 arbitratu
1923 2357 2393 2440 colloquantur,
2426 2357 2542 2421 sed
2580 2378 2730 2419 cum

673 2467 750 2532 iis
782 2466 1058 2548 tantum,
1090 2468 1201 2553 qui
1246 2491 1284 2534 a
1331 2469 1672 2554 Superiore
1716 2468 2079 2555 praescripti
2124 2468 2408 2548 fuerint3
2454 2489 2730 2552 quorum

672 2580 967 2667 exemplo
1027 2592 1092 2645 et
1167 2581 1611 2666 spiritualibus
1679 2580 2013 2665 colloquiis
2073 2580 2565 2645 aedificationem
2626 2602 2730 2643 ac-

673 2692 938 2776 cipiant,
968 2714 1098 2757 non
1134 2704 1351 2757 autem
1381 2692 1825 2772 offensionem,
1855 2703 1919 2756 et
1950 2692 2293 2777 proficiant
2321 2691 2391 2754 in
2422 2690 2729 2755 Domino·

675 2802 926 2865 Omnes
986 2803 1477 2887 diligentissime
1537 2814 1766 2867 curent
1813 2815 2036 2888 portas
2099 2823 2408 2867 sensuum
2462 2822 2727 2865 suorum

678 2914 1035 2996 (oculorum
1065 2913 1412 2998 praecipue,
1443 2914 1717 2995 aurium,
1754 2925 1819 2979 et
1857 2915 2121 2999 linguae)
2159 2912 2239 2976 ab
2277 2910 2456 2976 omni
2493 2911 2730 2974 intem-

673 3024 967 3109 perantia
994 3024 1096 3088 vel
1123 3023 1280 3088 vitio
1311 3025 1658 3105 custodire,
1690 3047 1763 3089 ac
1795 3047 1863 3089 se
1892 3025 1961 3087 in
1992 3045 2150 3108 pace
2180 3031 2245 3085 et
2290 3041 2441 3084 vera
2469 3021 2731 3084 humili-

677 3146 809 3200 tate
867 3136 1123 3200 interna
1180 3158 1579 3217 conservare,
1638 3147 1704 3200 et
1777 3158 1919 3200 eam
1984 3135 2052 3197 in
2114 3132 2390 3212 silentio,
2451 3131 2599 3195 cum
2660 3132 2731 3197 id

675 3247 1148 3312 observandum
1209 3260 1350 3327 est3
1424 3248 1573 3312 cum
1636 3259 1852 3311 autem
1903 3245 2302 3329 loquendum
2353 3243 2421 3306 in
2476 3244 2730 3315 circun-

676 3358 1003 3445 spectione
1044 3370 1110 3423 et
1149 3358 1575 3423 aedificatione
1614 3357 1979 3435 verborum,
2023 3366 2089 3419 et
2124 3353 2441 3418 modestia
2486 3354 2730 3444 vultus,

677 3493 751 3536 ac
803 3472 1030 3536 decore
1079 3472 1209 3535 sive
1260 3471 1572 3556 gravitate
1625 3470 1918 3532 incessus
1966 3477 2390 3549 motuumque
2436 3465 2728 3529 omnium

678 3581 817 3645 sine
859 3582 993 3644 ullo
1028 3581 1448 3665 impatientiae
1497 3593 1612 3645 aut.
1659 3580 1979 3665 superbiae
2032 3579 2217 3664 signo
2258 3576 2595 3655 exhibere3
2661 3576 2729 3639 in

678 3692 987 3757 omnibus
1010 3694 1416 3777 procurando
1446 3703 1640 3775 atque
1685 3692 1971 3776 optando
2015 3690 2299 3776 potiores
2342 3700 2560 3773 partes
2590 3687 2729 3751 aliis

679 3806 944 3883 deferre,
988 3826 1212 3869 omnes
1263 3804 1331 3866 in
1380 3802 1598 3866 animo
1646 3823 1764 3865 suo
1816 3814 2125 3885 tanquam
2180 3798 2302 3862 sibi
2356 3797 2730 3883 Superiores

677 3916 997 3994 ducende,
1057 3928 1122 3979 et
1181 3914 1461 3979 exterius
1525 3916 1838 3978 honorem
1898 3935 1972 3976 ae
2031 3909 2476 3987 reverentiam,
2537 3929 2730 3991 quam

677 4028 874 4110 exigit
920 4028 1231 4111 cujusque
1269 4037 1499 4107 status,
1545 4049 1696 4091 cum
1744 4024 2152 4108 simplicitate
2191 4033 2255 4084 et
2296 4017 2731 4084 moderatione
2825 4083 2830 4089 ,

642 4137 971 4219 ‘religiosa
1016 4136 1420 4200 exhibendo:
1490 4150 1681 4220 atque
1737 4137 1828 4199 ita
1869 4136 2003 4211 fiat,
2046 4145 2119 4195 ut
2172 4156 2237 4196 sc
2291 4131 2523 4195 mutuo
2577 4150 2730 4193 con-
