3146 5014
558 502 640 559 86

592 4229 622 4283 1

1312 514 1965 559 CONSTITUTIONUM

684 690 1089 743 momentum
1141 701 1210 743 re
1259 678 1493 743 divinae
1547 678 1883 764 Majestati
1935 678 2069 742 suis
2122 685 2189 742 et
2235 677 2739 743 domesticorum

687 790 1085 854 orationibus
1137 813 1212 853 ac
1263 790 1594 855 sacrificiis
1646 790 2096 854 commendata
2128 815 2146 868 3
2206 797 2274 853 et
2324 812 2476 854 cum
2524 791 2739 875 aliquo

685 903 790 966 vel
838 902 1135 987 pluribus
1183 924 1263 965 ex
1310 903 1534 966 eadem
1586 901 1928 980 Societate,
1976 900 2089 984 qui
2138 900 2535 965 videbuntur
2572 903 2741 965 inter

684 1035 817 1091 eOS,
863 1014 978 1096 qui
1022 1012 1370 1093 adfuerint,
1416 1013 1932 1091 communicata3
1995 1022 2238 1077 statuet
2265 1034 2386 1096 per
2429 1012 2738 1098 seipsum,

685 1145 847 1186 num
891 1124 1147 1187 mittere
1193 1124 1446 1203 debeat,
1489 1145 1612 1187 nec
1655 1146 1782 1202 ne3
1842 1134 1907 1187 et
1952 1122 2043 1186 sic
2084 1124 2163 1187 de
2193 1123 2457 1207 reliquis
2486 1124 2739 1187 circun-

688 1235 977 1314 stantiis3
1021 1247 1097 1300 ut
1129 1236 1211 1299 ad
1234 1236 1363 1299 Dei
1392 1235 1700 1320 majorem
1731 1235 2001 1319 gloriam
2032 1235 2374 1299 convenire
2393 1235 2738 1320 judicabit.

685 1345 833 1409 Erit
864 1357 1082 1410 autem
1115 1346 1277 1431 ejuS,
1309 1347 1423 1431 qui
1466 1346 1770 1425 mittitur,
1802 1346 2108 1424 officium,
2152 1346 2333 1409 nulla
2375 1346 2622 1410 ratione
2669 1369 2736 1410 se

681 1456 1035 1540 ingerendo
1067 1458 1151 1519 ad
1180 1459 1490 1536 eundum,
1508 1456 1613 1520 vel
1642 1457 2039 1520 manendum
2070 1456 2140 1518 in
2170 1457 2295 1519 hoc
2325 1456 2466 1520 loco
2496 1457 2738 1541 potius,

684 1567 881 1649 quam
920 1567 989 1628 in
1033 1566 1166 1646 illo,
1211 1568 1471 1651 plenam
1514 1588 1588 1629 ac
1625 1566 1890 1630 omnino
1928 1566 2199 1629 liberam
2237 1566 2338 1629 sui
2368 1566 2739 1651 dispositio-

684 1702 835 1742 nem
886 1680 1236 1764 Superiori,
1297 1682 1405 1762 qui
1464 1701 1602 1743 eum
1668 1681 1906 1743 Christi
1967 1681 2097 1742 loco
2155 1681 2344 1761 reyit,
2404 1679 2488 1741 ad
2533 1678 2737 1762 ipsius

679 1791 891 1876 majus
937 1792 1320 1875 obsequium
1365 1802 1430 1855 et
1473 1792 1733 1855 laudem
1777 1790 2161 1874 relinquere.
2252 1790 2360 1853 Sic
2405 1790 2621 1868 etiam,
2661 1803 2737 1854 ut

682 1904 789 1966 alii
818 1915 1123 1990 maneant
1155 1903 1411 1982 alicubi,
1441 1902 1544 1966 vel
1575 1903 1698 1965 alio
1740 1924 1808 1965 se
1853 1902 2208 1979 conferant,
2238 1923 2431 1964 nemo
2477 1924 2736 1986 quoquo

680 2016 873 2077 modo
928 2014 1065 2077 sine
1120 2036 1442 2077 consensu
1498 2012 1860 2097 Superioris
1921 2014 2043 2090 sui,
2091 2034 2210 2097 per
2257 2034 2450 2097 quem
2509 2013 2615 2077 ille
2668 2013 2737 2076 in

681 2125 967 2187 Domino
999 2125 1462 2209 gubernandus
1493 2134 1619 2203 est,
1650 2145 1870 2186 curare
1904 2124 2116 2186 debet.

685 2234 1094 2319 Quocunque
1159 2233 1466 2319 Superior
1523 2234 1742 2298 mittet
1802 2234 2103 2318 aliquem,
2164 2256 2314 2297 eum
2387 2234 2579 2319 plene
2638 2233 2738 2297 in-

676 2356 923 2408 struere
980 2346 1065 2426 (et
1114 2347 1435 2408 ordinarie
1485 2346 1554 2407 in
1605 2345 1884 2427 emptis)
1944 2344 2206 2408 debebit
2243 2356 2377 2407 tam
2422 2345 2502 2407 de
2541 2344 2736 2407 modo

679 2457 1093 2543 procedendi,
1134 2479 1331 2542 quam
1378 2456 1457 2521 de
1502 2456 1756 2535 mediiS,
1809 2455 2048 2542 quibus
2102 2478 2251 2520 eum
2303 2455 2402 2520 uti
2447 2456 2603 2519 velit
2653 2456 2735 2519 ad

680 2569 901 2648 finem,
933 2590 1127 2652 quem
1157 2569 1228 2631 in
1259 2567 1476 2632 animo
1505 2568 1727 2632 habet.
1819 2568 1943 2631 Per
1988 2567 2278 2631 crebram
2323 2567 2517 2630 etiam
2560 2566 2735 2630 litte-

675 2701 894 2742 rarum
947 2679 1625 2759 communicationem,
1678 2686 1998 2763 quantum
2046 2678 2187 2741 fieri
2244 2687 2485 2762 potest,
2532 2676 2734 2740 totius

679 2812 1017 2854 successus
1048 2790 1281 2854 certior
1309 2790 1604 2853 redditus
1635 2811 1715 2853 ex
1745 2812 1820 2853 eo
1850 2789 2015 2868 loco,
2045 2788 2160 2851 ubi
2190 2789 2331 2873 ipse
2361 2788 2602 2852 residet
2637 2789 2734 2870 (ut

676 2921 993 2984 personae,
1025 2912 1091 2963 et
1131 2901 1393 2985 negotia
1437 2900 1790 2985 exegerint)
1842 2898 2134 2977 consili0,
2165 2907 2232 2962 et
2274 2900 2415 2963 aliis
2460 2899 2735 2978 auxiliiS,

678 3031 1085 3094 quaecunque
1131 3010 1423 3074 adhiberi
1473 3011 1752 3096 possint,
1795 3009 2183 3094 providebit,
2223 3021 2300 3072 ut
2344 3009 2556 3096 majus
2603 3032 2735 3072 ser-

675 3121 908 3184 vitium
940 3122 1084 3184 Deo
1115 3122 1251 3202 fiat,
1282 3122 1619 3206 magisque
1667 3143 2011 3185 commune
2056 3121 2306 3184 bonum
2350 3142 2470 3204 per
2509 3142 2733 3204 perso-

676 3254 797 3295 nas
830 3231 1170 3295 Societatis
1204 3232 1509 3317 juvetur:
1559 3233 1737 3317 quod
1767 3242 1952 3295 tanto
1983 3230 2211 3316 majori
2242 3253 2399 3294 cura
2439 3231 2737 3316 praestari

677 3342 939 3409 debebit
966 3369 985 3423 3
1030 3356 1276 3428 quanto
1308 3344 1552 3429 negotii
1583 3344 1861 3428 qualitas
1898 3344 2099 3427 (quod
2127 3343 2232 3407 vel
2271 3364 2464 3426 grave
2498 3342 2602 3420 sit,
2633 3341 2736 3405 vel

678 3457 958 3539 difficile)
996 3468 1060 3519 et
1089 3478 1537 3541 personarum,
1570 3477 1717 3540 quae
1747 3456 1965 3549 missae
1998 3468 2152 3519 sunt
2190 3455 2390 3540 (quod
2432 3454 2536 3519 vel
2579 3474 2732 3516 con-

680 3568 846 3646 silio,
875 3568 979 3631 vel
1007 3566 1434 3631 instructione
1465 3567 1826 3652 indigeant)
1863 3567 1934 3630 id
1961 3567 2170 3653 magis
2201 3565 2420 3652 exigit.

853 3885 947 3928 DE
985 3885 1266 3927 LIBERA
1299 3884 1400 3928 AD
1436 3883 1639 3927 HANG
1674 3859 1820 3926 VEL
1857 3884 2093 3927 ILLAM
2132 3883 2433 3927 PARTEM

1373 3996 1914 4040 PROFECTIONE.

1454 4101 1654 4166 CAP.
1702 4100 1835 4166 111.

685 4220 1030 4287 QUANws
1064 4244 1286 4286 eorum
1318 4225 1422 4304 sit,
1446 4225 1560 4310 qui
1593 4226 1716 4290 sub
1736 4225 2106 4291 obedientia
2129 4225 2470 4290 Societatis
2487 4223 2739 4304 vivunt,
