3146 5014
548 520 631 576 42
1297 527 1948 572 cONsTrrU'rIoNUM

680 694 1079 757 Professores
1124 692 1256 755 sive
1309 691 1388 754 de
1439 689 1759 755 Societate
1798 690 1890 753 illi
1934 689 2088 768 sint,
2129 689 2260 753 sive
2304 690 2573 769 externi,
2613 712 2727 776 op-

680 805 950 868 tandum
996 814 1116 882 est,
1161 813 1236 865 ut
1281 802 1477 881 docti,
1507 800 1870 886 diligentes,
1915 811 1980 863 et
2010 799 2275 879 assidui,
2306 811 2371 863 et
2401 801 2729 885 profectus

682 917 1085 981 studentium
1124 924 1259 979 tam
1299 915 1368 978 in
1417 914 1824 993 lectionibuS,
1870 914 2064 997 quam
2108 913 2177 976 in
2223 913 2364 976 aliis
2407 913 2729 977 litterariis

680 1026 1242 1093 exercitationibus
1275 1026 1548 1090 studiosi
1579 1026 1729 1090 sint.
2149 1090 2154 1099 ,

600 1144 636 1217 7
684 1141 1090 1204 Bibliotheca
1119 1138 1502 1217 communis,
1535 1138 1590 1201 si
1632 1137 1770 1201 fieri
1812 1147 2051 1222 potest,
2082 1136 2149 1199 in
2182 1136 2487 1221 Collegiis
2532 1136 2729 1201 habe-

684 1264 870 1331 atur3
946 1252 1130 1336 cujus
1192 1251 1387 1314 clavis
1444 1249 1593 1329 illis,
1654 1249 1766 1333 qui
1822 1248 2013 1333 juxta
2062 1249 2354 1312 Rectoris
2405 1248 2728 1333 judicium

683 1364 917 1429 habere
950 1363 1302 1440 debebunt,
1333 1361 1643 1425 tradatur.
1734 1360 1977 1424 Praeter
2018 1361 2139 1424 hos
2184 1371 2423 1439 autem,
2453 1361 2727 1445 quisque

680 1475 879 1538 libros
910 1473 1088 1553 alioS,
1119 1473 1232 1557 qui
1260 1471 1603 1536 necessarii
1631 1471 1891 1551 fuerint,
1921 1470 2206 1535 habebit.

596 1594 637 1648 8
686 1584 1065 1649 Scholastici
1093 1585 1163 1647 in
1194 1582 1529 1647 audiendis
1558 1582 1943 1646 lectionibus
1974 1582 2106 1646 sint
2136 1581 2396 1660 assidui,
2426 1591 2491 1644 et
2535 1581 2604 1643 in
2636 1581 2728 1644 eis

682 1696 1114 1781 praevidendis
1151 1695 1534 1780 diligentes,
1597 1706 1662 1757 et
1708 1704 2056 1779 postquam
2102 1715 2207 1756 eas
2247 1691 2589 1771 audierint,
2627 1714 2729 1755 re-

683 1807 1003 1892 petendis,
1047 1807 1148 1885 iis,
1187 1828 1332 1890 quae
1381 1827 1515 1868 non
1558 1804 2012 1883 intellexerint,
2051 1803 2545 1889 interrogandis,
2589 1802 2729 1866 aliis

683 1941 855 1997 vero,
918 1940 1064 2001 quae
1124 1915 1501 2002 oportuerit,
1563 1915 2001 1995 adnotandis,
2077 1917 2206 1999 quo
2266 1915 2335 1978 in
2393 1926 2727 2000 posterum

683 2010 1009 2091 memoriae
1041 2025 1321 2089 defectui
1351 2025 1745 2088 consulatur.

601 2147 639 2201 9
688 2139 926 2201 Rector
969 2146 1185 2200 autem
1237 2135 1511 2219 collegii
1561 2134 1632 2198 id
1680 2157 1849 2199 curae
1894 2136 2150 2216 habeat,
2179 2148 2256 2200 ut
2297 2136 2532 2215 videat,
2562 2157 2723 2199 num

686 2248 1013 2333 Magistri,
1043 2260 1108 2311 et
1138 2247 1439 2331 discipuli
1471 2269 1663 2311 suum
1707 2248 1776 2310 in
1807 2249 2095 2314 Domino
2140 2248 2422 2314 officium
2467 2249 2728 2328 faciant,

684 2381 804 2423 nec
836 2381 938 2422 ne.

560 2480 641 2535 10
686 2471 857 2536 Cum
915 2469 1208 2557 perutilis
1270 2469 1352 2533 sit
1431 2470 1811 2555 (praesertim
1886 2470 2168 2549 Artium,
2229 2492 2302 2535 ac
2361 2470 2728 2556 Theologiae

686 2582 1101 2648 Scholasticae
1143 2580 1473 2663 studiosis)
1526 2580 1903 2666 disputandi
1947 2604 2149 2660 usus3
2194 2582 2496 2646 intersint
2526 2582 2729 2646 Scho-

682 2694 891 2757 lastici
937 2692 1392 2757 communibus
1424 2692 1826 2772 Scholarum,
1858 2693 1941 2756 ad
1986 2715 2147 2779 quas
2191 2693 2509 2757 accedunt
2559 2694 2730 2776 (licet

682 2825 817 2867 non
900 2803 1031 2865 sint
1112 2801 1233 2865 sub
1317 2823 1472 2865 cura
1554 2802 1914 2885 Societatis)
2013 2804 2583 2889 disputationibus,
2664 2813 2730 2868 et

685 2912 1008 2997 singulare
1057 2911 1159 2975 sui
1218 2911 1544 2996 specimen
1606 2914 1676 2976 in
1736 2914 2029 2978 doctrina
2086 2914 2391 2998 praebere,
2439 2915 2729 2978 modeste

685 3039 926 3107 tamen,
963 3037 1211 3091 curent.
1294 3025 1616 3091 Convenit
1658 3029 1852 3093 etiam
1898 3027 2169 3113 singulis
2214 3026 2599 3105 Dominicis,
2628 3029 2731 3092 vel

687 3137 900 3221 aliquo
953 3138 1075 3201 alio
1124 3138 1225 3202 die
1265 3136 1689 3203 hebdomadae
1736 3139 1806 3202 in
1850 3138 2137 3223 Collegio
2186 3148 2407 3201 nostro
2448 3136 2728 3221 aliquem

685 3272 764 3314 ex
812 3250 1035 3333 quavis
1079 3250 1323 3333 Classe,
1366 3252 1624 3315 Artium
1679 3273 1753 3313 ao
1796 3250 2165 3334 Theologiae
2218 3248 2653 3312 studiosorum
2695 3250 2732 3313 a

686 3363 958 3426 Rectore
990 3362 1400 3448 designatum
1432 3364 1469 3427 a
1497 3362 1769 3448 prandio
1806 3361 1884 3444 (si
1915 3361 2129 3445 aliqua
2173 3382 2250 3425 ex
2295 3382 2491 3425 causa
2530 3383 2730 3446 pecu-

679 3474 820 3537 liari
877 3473 1415 3558 impedimentum
1476 3496 1610 3537 non
1671 3471 2007 3555 accideret)
2076 3472 2319 3557 aliquas
2376 3472 2727 3557 positiones

681 3584 958 3647 tuendas
996 3585 1361 3670 suscipere3
1429 3607 1575 3667 quae
1622 3584 1828 3669 pridie
1869 3584 2008 3669 ejus
2062 3585 2190 3648 diei
2229 3584 2350 3648 sub
2389 3606 2728 3669 vesperum

683 3694 883 3759 valvis
916 3695 1296 3759 Scholarum
1333 3696 1487 3779 (quo
1532 3695 1616 3756 ad
1660 3695 2126 3779 disputandum
2170 3696 2273 3759 vel
2317 3695 2728 3772 audiendum,

684 3806 797 3891 qui
824 3806 1084 3886 vellent,
1115 3805 1553 3887 convenirent)
1592 3817 1807 3869 essent
1837 3807 2210 3891 affigendae3
2257 3806 2495 3890 quibus
2523 3804 2730 3868 brevi-

681 3927 781 3983 ter
811 3919 892 3983 ab
923 3940 1020 3999 eo,
1063 3920 1176 4002 qui
1218 3939 1650 4004 responsurus
1695 3928 1815 3998 est,
1847 3918 2264 3997 confirmatiS,
2297 3915 2730 4003 argumentari

685 4050 764 4090 ex
794 4028 1165 4092 domesticis
1195 4028 1298 4092 vel
1328 4029 1610 4093 ext-ernis
1638 4028 1829 4093 liceat
1869 4029 2232 4114 cuicunque
2274 4029 2571 4093 libuerit:
2618 4027 2732 4090 ali-

684 4139 831 4223 quis
862 4152 1080 4205 tamen
1109 4139 1332 4226 praesit
1362 4152 1640 4226 oportet,
1672 4141 1783 4225 qui
1824 4149 2349 4225 argumentantes
2381 4141 2635 4225 dirigat,
2667 4150 2732 4203 et

686 4271 764 4312 ex
818 4271 898 4313 ea
952 4250 1429 4316 concertatione
1491 4252 1701 4316 eliciat
1749 4252 2154 4336 declaretque
2209 4254 2290 4317 ad
2330 4251 2733 4316 audientium
