3146 5014
1306 548 1489 591 PARs
1539 549 1790 593 snx'rA.
2556 536 2636 610 77

585 709 795 774 tiones
814 710 1156 773 *charitatis
1197 723 1389 794 atque
1437 712 1821 776 obedientiae
1853 712 2265 798 permittent,
2295 735 2429 778 non
2458 715 2637 780 vide-

586 831 695 883 tur
724 821 791 883 in
837 820 938 899 iis,
984 842 1131 905 quae
1177 821 1260 884 ad
1305 823 1683 902 orationem,
1713 823 2221 903 meditationem,
2251 837 2316 889 et
2347 827 2636 890 studium

584 932 935 1015 pertinent,
976 940 1051 995 ut
1092 955 1213 995 nec
1258 933 1326 995 in
1373 934 1687 1018 corporali
1732 936 2183 999 exercitatione
2216 935 2636 1021 jejuniorum,

583 1042 968 1126 vigiliarum,
1014 1055 1126 1106 aut
1167 1044 1435 1107 aliarum
1487 1067 1703 1108 rerum
1744 1047 1827 1109 ad
1872 1047 2310 1110 austeritatem
2354 1049 2458 1112 vel
2497 1072 2634 1113 cor-

582 1153 757 1236 poris
818 1153 1308 1237 castigationem
1369 1156 1803 1239 spectantium
1863 1157 1996 1219 ulla
2053 1157 2276 1242 regula
2327 1159 2418 1221 eis
2470 1181 2635 1244 prae-

584 1261 943 1341 seribenda,
989 1263 1114 1326 nisi
1159 1287 1353 1347 quam
1391 1265 1667 1329 discreta
1711 1265 1986 1329 charitas
2034 1267 2384 1352 unicuique
2434 1270 2635 1333 dicta-

580 1374 779 1438 verit:
844 1375 1000 1438 dum
1052 1387 1269 1440 tamen
1311 1399 1564 1460 semper
1614 1377 2062 1442 Confes'sarius
2108 1381 2503 1459 consulatur,
2547 1392 2633 1460 et,

580 1485 694 1547 ubi
726 1485 999 1548 dubium
1031 1486 1356 1565 acciderit,
1387 1487 1546 1571 quid
1578 1489 1939 1567 conveniat,
1971 1512 2072 1553 res
2105 1490 2186 1553 ad
2220 1480 2630 1575 Superiorem

580 1595 909 1659 referatur.
1002 1597 1151 1659 Hoc
1182 1605 1401 1660 tamen
1433 1597 1685 1661 dicetur
1728 1599 1797 1661 in
1841 1600 2258 1679 universum3
2304 1623 2443 1664 esse
2490 1603 2633 1685 qui-

582 1705 727 1767 dem
761 1706 1427 1785 animadvertendum,
1449 1730 1529 1770 ne
1560 1708 1802 1771 nimius
1832 1708 2209 1792 hujusmodi
2239 1732 2453 1773 rerum
2472 1734 2632 1776 usus

581 1826 915 1898 tantopere
968 1817 1134 1881 vires
1181 1817 1465 1901 corporis
1528 1817 1840 1896 debilitet,
1893 1829 2277 1903 tantumque
2325 1822 2632 1903 temporis

581 1940 690 1989 eos
736 1925 1089 2005 distineat3
1147 1938 1223 1989 ut
1268 1926 1500 1990 deinde
1546 1927 1866 2011 spirituali
1908 1929 2349 2012 proximorum
2395 1931 2630 1995 auxilio

570 2034 763 2119 juxta
792 2036 997 2100 nostri
1029 2037 1328 2099 Instituti
1372 2037 1690 2101 rationem
1734 2059 1867 2101 non
1914 2039 2277 2102 sufficiant:
2323 2062 2444 2102 nec
2474 2062 2632 2104 con-

577 2157 677 2208 tra
718 2153 902 2208 tanta
928 2146 996 2208 in
1026 2146 1154 2209 illis
1201 2146 1284 2209 sit
1327 2147 1633 2210 relaxatio
1659 2173 1677 2226 3
1737 2159 1834 2226 ut,
1864 2148 2109 2212 fervore
2142 2149 2407 2232 spiritus
2449 2150 2631 2214 refri-

578 2265 904 2341 gescente,
933 2257 1202 2320 humani
1234 2279 1307 2319 ac
1337 2257 1669 2322 inferiores
1700 2259 1969 2322 affectus
1998 2258 2413 2324 incalescant.

493 2374 531 2428 2
580 2367 1146 2430 Sacramentorum
1189 2367 1621 2450 frequentatio
1665 2368 1848 2432 valde
1881 2369 2392 2434 commendetur.
2481 2370 2630 2433 Dif-

576 2477 726 2542 ferri
770 2488 988 2544 autem
1032 2498 1166 2541 non
1212 2478 1403 2542 debet
1435 2477 1850 2557 Communio,
1894 2484 2008 2542 aut
2050 2479 2247 2542 missa
2290 2480 2629 2544 celebratio

579 2591 715 2654 sine
762 2589 972 2656 causis
1006 2589 1255 2675 judicio
1298 2590 1660 2674 Superioris
1702 2590 2008 2673 legitimis
2052 2590 2224 2653 ultra
2266 2604 2412 2654 octo
2452 2591 2626 2655 dies:

579 2723 930 2785 omnesque
983 2702 1311 2786 assignato
1365 2700 1487 2764 sibi
1536 2701 1969 2779 Confessario,
2008 2701 2112 2763 vel
2163 2701 2400 2785 alioqui
2437 2701 2630 2786 juxta

579 2813 893 2893 ordinem,
925 2834 1117 2897 quem
1154 2813 1430 2896 quisque
1473 2811 1926 2896 praescriptum
1968 2812 2165 2876 habet
2195 2834 2235 2876 a
2264 2813 2628 2897 Superiore,

580 2925 1033 2987 confiteantur.

492 3042 531 3099 3
580 3036 682 3098 Ex
736 3036 1004 3120 Regulis
1056 3036 1577 3120 particularibus,
1630 3059 1777 3120 quae
1828 3038 1899 3100 in
1948 3037 2293 3116 Domibus,
2340 3037 2455 3100 ubi
2502 3037 2633 3121 ipsi

576 3148 838 3225 fuerint,
862 3148 1305 3225 observantur,
1336 3148 1577 3211 debent
1606 3171 1866 3232 operam
1899 3149 2070 3227 dare,
2100 3159 2175 3211 ut
2204 3171 2346 3211 eam
2367 3160 2626 3234 partem

578 3260 920 3345 observent
951 3280 1096 3343 quae
1128 3260 1516 3323 conveniens
1548 3266 1669 3337 est,
1700 3282 1773 3322 ac
1808 3259 2056 3343 judicio
2077 3258 2437 3342 Superioris
2467 3259 2627 3343 ipsis

577 3372 988 3456 imponetur3
1050 3371 1181 3435 sive
1227 3372 1310 3434 ad
1353 3371 1716 3455 profectum
1763 3370 1867 3434 vel
1906 3370 2396 3433 aedificationem
2442 3393 2625 3433 suam

579 3481 648 3545 id
678 3482 783 3558 sit,
815 3482 945 3545 sive
975 3482 1168 3544 etiam
1200 3481 1491 3558 aliorum,
1520 3481 1692 3543 inter
1721 3501 1884 3563 quos
1912 3490 2270 3542 versantur.

491 3599 534 3654 4
584 3591 912 3657 Quoniam
982 3591 1461 3675 occupationes,
1530 3611 1676 3673 quae
1751 3590 1833 3653 ad
1902 3588 2262 3653 animarum
2321 3589 2628 3653 auxilium

579 3712 1023 3779 assumuntur,
1082 3701 1302 3785 magni
1362 3701 1675 3764 momenti
1724 3713 1899 3779 sunt,
1947 3723 2021 3764 ac
2074 3701 2278 3764 nostri
2331 3700 2627 3764 Instituti

577 3812 876 3896 propriae,
937 3819 1003 3874 et
1060 3812 1245 3875 valde
1305 3812 1713 3895 frequentes3
1781 3833 2058 3893 cumque
2118 3810 2355 3892 alioqui
2407 3817 2628 3873 nostra

573 3920 888 3984 habitatio
930 3933 1063 3984 tam
1113 3922 1198 3984 sit
1243 3922 1311 3983 in
1365 3922 1488 3984 hoc
1536 3921 1640 3984 vel
1684 3921 1753 3982 in
1800 3920 1909 3982 illo
1960 3920 2102 3982 loco
2146 3919 2429 3982 incerta:
2491 3942 2624 3983 non

573 4042 843 4093 utentur
884 4031 1089 4094 nostri
1130 4032 1325 4094 choro
1371 4031 1454 4093 ad
1490 4031 1681 4093 horas
1728 4029 2092 4105 canonicas,
2135 4028 2238 4092 vel
2279 4028 2530 4108 missaS,
2561 4039 2627 4094 et

574 4141 698 4204 alia
726 4143 936 4205 officia
965 4141 1409 4205 decantanda:
1458 4140 1984 4224 quandoquidem
2024 4140 2171 4217 illis,
2217 4162 2380 4223 quos
2425 4142 2507 4204 ad
2552 4164 2628 4205 ea

573 4252 895 4320 audienda
923 4253 1178 4316 devotio
1209 4252 1502 4330 moverit,
1534 4252 1791 4316 abunde
1825 4261 2127 4337 suppetet
2169 4252 2284 4316 ubi
2316 4253 2438 4316 sibi
2466 4253 2625 4336 ipsis
