3146 5014
597 528 681 584 80
1348 539 2000 584 cONs'm‘rUmoNUM

724 706 1069 769 transitum
1100 727 1138 767 a
1166 704 1506 789 temporali
1534 705 1669 770 vita
1699 707 1782 769 ad
1812 714 2141 786 aeternam,
2173 728 2240 770 se
2270 707 2542 787 muniat,
2573 720 2767 793 atque

721 815 1107 878 corroboret.

635 932 673 987 2
722 925 931 989 Simul
988 947 1138 989 eum
1197 925 1596 989 orationibus
1663 927 1957 990 omnium
2007 928 2506 991 domesticorum
2565 929 2650 991 ad
2699 929 2769 992 id

720 1036 882 1099 serio
923 1036 1251 1116 adhibitis,
1296 1037 1501 1099 donec
1549 1037 1831 1100 animam
1876 1059 1994 1101 suo
2042 1037 2331 1102 Creatori
2373 1039 2624 1117 reddat,
2656 1039 2766 1124 ju-

716 1145 852 1209 vari
883 1158 1083 1210 curet.
1173 1147 1264 1209 Et
1293 1155 1530 1231 praeter
1558 1147 1739 1225 alioS,
1771 1147 1883 1231 qui
1912 1147 2165 1231 ingredi
2193 1159 2494 1232 possunt,
2524 1150 2765 1234 plureS,

717 1269 830 1319 aut
856 1258 1194 1341 pauciores
1225 1279 1344 1342 pro
1390 1258 1653 1321 arbitrio
1688 1257 2071 1342 Superioris,
2116 1260 2314 1342 aliqui
2359 1261 2591 1323 delecti
2636 1261 2767 1323 sint

714 1377 969 1450 oportet
1026 1367 1413 1452 peculiarius
1472 1379 1547 1430 ut
1606 1368 1936 1431 infirmum
1995 1369 2190 1432 morti
2246 1370 2615 1453 proximum
2667 1370 2765 1433 in-

713 1476 948 1554 visant,
1001 1484 1067 1540 et
1117 1477 1176 1540 ei
1228 1477 1554 1556 assistant,
1602 1489 1667 1540 et
1717 1477 2170 1541 animosiorem
2220 1479 2516 1557 reddant,
2563 1501 2765 1563 eaque

715 1599 1089 1671 suggerant,
1119 1587 1338 1671 eisque
1384 1588 1636 1651 auxiliis
1677 1588 1933 1672 juvent,
1965 1610 2112 1672 quae
2157 1611 2233 1651 eo
2276 1597 2567 1673 tempore
2610 1612 2765 1653 con-

710 1698 1010 1760 venient:
1057 1708 1123 1761 et
1153 1698 1302 1761 cum
1337 1697 1476 1782 jam
1507 1699 1631 1761 alia
1660 1699 1869 1762 officia
1896 1721 2128 1782 parum
2159 1713 2351 1763 erunt
2380 1700 2584 1780 utilia,
2614 1723 2762 1763 eum

713 1810 1000 1873 Domino
1054 1809 1555 1889 commendent3
1621 1811 1826 1873 donec
1886 1809 2025 1894 ejus
2086 1811 2368 1873 animam
2410 1833 2448 1874 a
2499 1834 2761 1894 corpore

711 1919 1149 1983 discedentem
1180 1920 1485 2003 dignetur
1514 1920 1598 1982 ad
1629 1942 1695 1983 se
1740 1921 2045 2004 recipere,
2091 1922 2203 2005 qui
2248 1943 2390 1984 earn
2436 1934 2570 1985 tam
2616 1945 2762 1986 caro

709 2033 918 2116 pretio
952 2032 1286 2116 sanguinis
1319 2043 1384 2095 et
1413 2032 1563 2096 vitae
1597 2054 1732 2095 suae
1761 2033 2055 2097 redemit.

576 2182 596 2193 x
621 2149 661 2204 3
714 2141 1142 2224 Posteaquam
1173 2140 1319 2224 quis
1351 2142 1755 2226 expiraverit,
1800 2165 2007 2226 usque
2054 2143 2135 2206 ad
2182 2145 2581 2228 sepulturam
2623 2143 2761 2228 ejus

708 2274 944 2335 corpus
1005 2253 1325 2331 decenter,
1386 2253 1678 2335 quandiu
1748 2255 2108 2332 conveniet,
2168 2265 2485 2318 teneatur.
2577 2255 2763 2319 Post-

707 2363 975 2425 modum
998 2362 1293 2426 absoluto
1317 2362 1525 2425 officio
1549 2385 1766 2426 coram
1790 2364 2160 2427 domesticis
2184 2387 2301 2448 pro
2332 2387 2508 2428 more
2534 2366 2761 2449 sepeli-

707 2486 874 2555 atur,
915 2487 980 2539 et
1015 2497 1205 2539 mane
1244 2475 1538 2560 proximo
1592 2482 1743 2561 post
1784 2475 1921 2561 ejus
1962 2487 2237 2541 mortem
2278 2499 2502 2542 omnes
2551 2500 2760 2542 sacer-

707 2589 891 2652 dotes
934 2587 1272 2651 domestici
1306 2608 1426 2672 pro
1479 2586 1619 2674 ejus
1655 2588 1871 2651 anima
1913 2589 2127 2652 'missae
2173 2589 2558 2653 sacrificium
2603 2591 2757 2653 offe-

704 2709 895 2776 rant3
938 2696 1170 2779 reliqui
1197 2718 1348 2759 vero
1379 2696 1687 2780 peculiari
1717 2697 2003 2760 oratione
2046 2720 2167 2782 pro
2214 2699 2441 2762 eodem
2472 2699 2755 2762 divinam

705 2807 1054 2890 implorent
1085 2806 1516 2886 clementiam,
1547 2819 1741 2891 atque
1773 2808 1841 2870 in
1887 2830 1963 2871 eo
2008 2821 2421 2892 perseverent
2465 2810 2755 2888 ulterius,

694 2916 1280 3002 juxtaSuperioris
1312 2917 1672 2997 arbitrium,
1701 2918 1804 2981 vel
1834 2918 2118 3003 cujusvis
2161 2920 2479 3003 privatam
2511 2921 2755 2985 devoti-

705 3051 918 3105 onem,
948 3028 1049 3090 vel
1081 3027 1580 3112 obligationem3
1628 3029 1682 3092 si
1712 3050 1840 3112 qua
1869 3029 1936 3091 in
1970 3029 2255 3092 Domino
2286 3031 2665 3095 intercedat.

617 3147 660 3202 4
707 3138 1092 3202 Reddantur
1120 3137 1314 3200 etiam
1361 3139 1661 3202 certiores
1707 3137 1813 3200 alii
1859 3139 1937 3201 de
1971 3138 2289 3203 Societate
2320 3139 2388 3202 in
2418 3140 2575 3203 locis
2606 3141 2754 3220 illis,

705 3271 851 3334 quae
899 3248 1207 3333 Superior
1257 3249 1598 3312 convenire
1653 3248 2061 3334 judicaverit,
2100 3261 2176 3311 ut
2221 3250 2424 3313 simile
2469 3252 2752 3315 officium

704 3370 1016 3446 praestent
1067 3359 1436 3438 charitatis3
1500 3380 1646 3443 quae
1694 3381 1846 3444 erga
1891 3360 2034 3438 hos,
2087 3361 2200 3444 qui
2250 3361 2386 3423 vita
2427 3363 2753 3445 perfuncti

706 3481 882 3549 sunt,
904 3492 1038 3533 non
1067 3470 1300 3548 minor,
1318 3470 1511 3552 quam
1542 3492 1696 3554 erga
1722 3470 2035 3550 viventes,
2052 3470 2121 3533 in
2145 3472 2431 3535 Domino
2451 3472 2751 3557 explicari

705 3581 918 3644 debet.

759 3820 957 3870 QUOD
992 3818 1958 3863 CONSTI'PUTIONEs-PECGATI
1994 3821 2560 3866 OBLIGA'HONEM

1366 3928 1516 3971 NON
1553 3929 1963 3973 INDUCUNT.

622 4139 654 4192 1
706 4130 866 4193 Cim
899 4136 1162 4213 exoptet
1192 4127 1478 4191 Societas
1507 4130 1839 4192 universas
1871 4151 2021 4193 suas
2054 4130 2589 4209 ConstitutioneS,
2621 4132 2756 4194 De-
