3146 5014
555 506 638 560 38

1314 514 1962 557 CONSTITU'I'IONUM

830 752 923 794 DE
961 750 1477 795 scnoLAS'rlcls
1512 750 1853 793 ADMISSIS
1888 746 2474 793 coNsERvANDIS.

612 985 639 1039 1
691 977 802 1040 An
848 1000 1062 1041 rerum
1109 978 1559 1063 temporalium
1601 989 1665 1040 et
1709 987 2117 1040 externarum
2166 996 2241 1038 ac
2295 971 2743 1058 Collegialium

693 1089 1242 1153 conservationem
1271 1089 1341 1152 in
1371 1089 1449 1152 iis
1481 1111 1628 1173 quae
1674 1089 1755 1152 ad
1797 1109 2031 1173 corpus
2074 1085 2426 1171 pertinent,
2457 1084 2632 1169 quod
2674 1083 2743 1146 in

692 1199 909 1264 Tertia
929 1201 1118 1263 Parte
1143 1200 1391 1263 dictum
1410 1211 1531 1279 est,
1550 1199 1847 1263 sufficiet.
1902 1198 1983 1261 Id
2011 1205 2230 1261 tamen
2260 1194 2568 1282 peculiari
2591 1215 2746 1257 cura

695 1310 1334 1374 animadvertendum
1365 1309 1506 1388 erit,
1537 1322 1614 1373 ut
1645 1308 2046 1395 temporibus
2074 1306 2430 1373 valetudini
2459 1304 2745 1390 corporis

695 1422 1121 1486 incommodis
1143 1422 1522 1487 Scholastici
1554 1444 1687 1485 non
1719 1421 2045 1501 studeant,
2068 1428 2144 1484 ut
2167 1441 2394 1483 somno
2425 1428 2744 1502 quantum

693 1534 1002 1619 temporis
1064 1535 1218 1598 satis
1279 1534 1384 1614 sit,
1447 1534 1775 1613 tribuant3
1852 1541 1917 1596 et
1990 1533 2058 1596 in
2118 1530 2445 1595 laboribus
2504 1528 2746 1592 mentis

697 1645 963 1709 modum
1011 1657 1307 1731 servent„
1379 1645 1485 1708 Sic
1526 1645 1701 1709 enim
1745 1646 1881 1725 fiet,
1926 1655 2000 1708 ut
2043 1642 2284 1707 diutius
2329 1641 2398 1704 in
2434 1640 2560 1704 illis
2597 1662 2745 1726 per-

700 1779 986 1822 severare
1036 1770 1170 1822 tam
1229 1758 1298 1821 in
1357 1757 1590 1822 litteris
1652 1757 2080 1836 addiscendis,
2135 1755 2327 1840 quam
2379 1754 2449 1817 in
2502 1753 2743 1818 eisdem

697 1870 1068 1933 exercendis
1098 1871 1181 1933 ad
1213 1870 1338 1934 Dei
1367 1869 1637 1954 gloriam
1665 1868 1940 1954 possint.

702 1980 901 2044 Quod
930 1980 1160 2044 attinet
1192 1980 1274 2043 ad
1304 1979 1699 2065 spiritualia3
1744 1979 1967 2042 eadem
1999 1979 2118 2042 erit
2162 1978 2324 2042 ratio
2356 1999 2600 2055 eorum,
2631 1975 2746 2061 qui

698 2089 767 2151 in
801 2088 1130 2175 collegiis,
1160 2098 1225 2154 et
1255 2089 1368 2174 qui
1395 2090 1465 2153 in
1496 2090 1821 2153 Domibus
1852 2089 2307 2168 admittuntur,
2338 2087 2645 2172 quamdiu
2674 2086 2744 2149 in

698 2200 1190 2285 probationibus
1219 2212 1578 2266 versantur.
1650 2201 1805 2265 Post
1834 2201 2305 2286 probationem,
2334 2199 2484 2264 cum
2516 2197 2746 2262 studiis

697 2322 951 2391 vacant,
968 2324 1044 2375 ut
1074 2324 1173 2377 est
1204 2313 1586 2392 cavendum,
1608 2334 1690 2376 ne
1719 2312 1965 2376 fervore
1997 2311 2360 2376 studiorum
2388 2310 2745 2393 intepescat

699 2421 1048 2487 solidarum
1077 2424 1414 2502 virtutum,
1445 2445 1519 2487 ac
1556 2422 1871 2509 religiosae
1914 2423 2064 2486 vitae
2109 2444 2330 2500 amor3
2390 2420 2480 2484 ita
2521 2419 2745 2483 morti-

697 2535 1129 2617 ficationibus,
1177 2536 1597 2616 orationibus,
1649 2558 1722 2600 ac
1761 2535 2291 2599 meditationibus
2337 2533 2623 2618 prolixis»,
2669 2554 2744 2595 eo

697 2658 985 2733 tempore
1017 2671 1149 2713 non
1190 2650 1347 2713 adeo
1394 2649 1675 2711 multum
1717 2647 1843 2711 loci
1887 2647 2227 2710 tribuetur.
2319 2643 2745 2728 Quandoqui-

696 2758 846 2842 dem
887 2758 1118 2822 litteris
1167 2759 1317 2822 dare
1366 2780 1650 2843 operam,
1697 2779 1843 2842 quae
1889 2779 2160 2844 syncera
2198 2778 2348 2820 cum
2385 2754 2744 2819 intentione

697 2867 896 2930 divini
928 2868 1169 2932 servitii
1199 2868 1644 2948 addiscuntur,
1675 2877 1740 2933 et
1770 2868 2247 2953 quodammodo
2278 2878 2491 2930 totum
2535 2865 2746 2930 homi-

696 2989 849 3042 nem
876 2979 1235 3062 requirunt,
1265 3001 1398 3043 non
1429 2980 1669 3059 minus,
1700 3001 1895 3064 quam
1926 2979 1991 3041 in
2022 2978 2148 3041 illis
2177 2977 2414 3041 versari
2453 2984 2745 3062 tempore

700 3088 1084 3168 studiorum,
1134 3089 1264 3153 imo
1313 3091 1519 3175 magis
1568 3092 1713 3155 Deo
1767 3112 1839 3153 ac
1890 3089 2175 3153 Domino
2223 3097 2445 3152 nostro
2485 3099 2746 3172 gratum

698 3201 838 3265 erit.
1673 3179 1676 3182 ¹

701 3313 931 3398 Itaque
959 3324 1196 3399 praeter
1227 3325 1627 3377 sacramenta
1658 3312 2098 3377 confessionis
2143 3333 2217 3375 ac
2249 3310 2746 3375 Communionis

703 3425 810 3508 (ad
840 3426 986 3511 quae
1032 3434 1258 3489 octavo
1304 3446 1559 3510 quoque
1606 3423 1708 3488 die
1754 3423 2193 3488 accedendum
2239 3422 2381 3505 erit)
2420 3432 2484 3485 et
2512 3434 2749 3508 praeter

700 3537 999 3617 Missam,
1045 3558 1241 3621 quam
1277 3536 1565 3622 quotidie
1613 3536 1878 3601 audient
1908 3561 1928 3616 3
1988 3537 2215 3600 horam
2258 3556 2458 3599 unam
2494 3534 2744 3619 impen-

695 3647 853 3710 dent
870 3646 1198 3712 recitando
1222 3647 1625 3712 Beatissimae
1636 3647 1923 3732 Virginis
1954 3648 2187 3727 officio,
2211 3669 2284 3711 ac
2304 3645 2744 3711 examinandis

693 3758 795 3822 bis
835 3758 1121 3844 quotidie
1169 3760 1302 3824 suis
1351 3758 1763 3823 conscientiis
1807 3759 1958 3823 cum
2004 3759 2143 3823 aliis
2188 3758 2587 3823 orationibus
2626 3778 2745 3842 pro

696 3870 1009 3955 cujusque
1042 3869 1367 3934 devotioni
1412 3891 1622 3954 usque
1667 3870 1750 3933 ad
1792 3870 2170 3955 praedictam
2212 3870 2437 3934 horam
2485 3868 2746 3953 explen-

697 3981 868 4060 dam,
893 3980 946 4044 si
978 3981 1232 4065 expleta
1261 4002 1392 4044 non
1424 3981 1639 4046 fuerit.
1731 3983 1898 4047 Quae
1929 3981 2146 4045 omnia
2179 3979 2370 4064 juxta
2400 3977 2748 4044 ordinatio-

696 4112 846 4153 nem
876 4113 949 4154 ac
985 4089 1308 4175 judicium
1338 4092 1659 4176 majorum
1707 4113 1994 4169 suorum,
2026 4091 2264 4175 quibus
2313 4090 2746 4155 obedientiam

704 4202 939 4265 Christi
970 4205 1099 4267 loco
1128 4210 1435 4290 praestare
1467 4203 1729 4284 debent,
1759 4202 2017 4268 sacient.
