3146 5014
552 467 702 558 124fi
755 557 756 560 Ἴ
789 509 796 516 ·
826 468 829 472 ’
1310 491 1964 537 οοΝεΤιΤυΤιοΝυΜ

678 656 769 719 eis
800 667 1015 740 potest
1047 657 1368 720 accedere.
1457 657 1633 720 Talis
1679 670 1777 722 est
1810 659 2098 722 Societas
2142 658 2456 744 professa,
2488 681 2641 744 quae
2666 661 2736 724 in

677 768 985 853 Collegiis
1038 790 1147 832 eos
1195 768 1631 833 instituendos
1681 770 1932 834 curabit
1984 771 2053 834 in
2113 771 2508 855 perfectione
2560 772 2734 851 vitae,

674 879 1036 962 litterisque
1069 879 1439 943 Christiano
1486 880 1723 964 dignis,
1755 881 1867 966 qui
1913 882 2231 944 talentum
2278 883 2362 945 ad
2404 882 2474 945 id
2519 882 2730 946 sortiti

674 1013 814 1054 esse
844 989 1259 1055 videbuntur.
1352 990 1446 1053 Hi
1476 991 1650 1054 enim
1686 1013 1804 1076 pro
1852 992 2196 1056 seminario
2230 993 2538 1058 Societati
2581 1017 2732 1079 pro-

679 1102 889 1181 fessae,
921 1113 985 1165 et
1016 1101 1156 1186 ejus
1189 1102 1694 1186 Coadjutoribus
1724 1114 1958 1183 erunt3
2012 1115 2098 1183 et,
2130 1103 2185 1166 si
2229 1126 2380 1167 cum
2428 1104 2733 1190 Collegiis

676 1214 1149 1278 Universitates
1194 1214 1388 1277 etiam
1434 1237 1606 1278 curae
1669 1214 2006 1279 Societatis
2067 1216 2426 1279 commissae
2469 1217 2734 1295 fuerint,

677 1323 1015 1388 observato
1046 1324 1155 1389 illo
1187 1326 1380 1388 modo
1410 1326 1827 1410 procedendi,
1859 1326 1938 1388 de
1985 1348 2114 1409 quo
2158 1326 2225 1388 in
2274 1338 2503 1409 quarta
2546 1340 2731 1410 parte

677 1436 926 1499 dictum
956 1447 1077 1516 est,
1109 1437 1193 1499 ad
1221 1437 1423 1500 finem
1453 1437 1734 1500 eundem
1768 1436 2119 1521 juvabunt.

587 1554 624 1609 5
676 1546 849 1613 Quia
876 1558 1224 1631 paupertas
1253 1569 1373 1631 pro
1402 1547 1569 1611 vallo
1600 1547 1970 1610 firmissimo
2017 1558 2115 1610 est
2147 1546 2620 1631 ReligionibuS,
2652 1561 2729 1612 ut

674 1679 780 1720 eas
811 1657 880 1719 in
913 1668 1088 1720 statu
1118 1679 1236 1721 suo
1267 1668 1333 1721 et
1363 1657 1704 1743 disciplina
1734 1669 2091 1735 conservet,
2123 1670 2189 1721 et
2219 1659 2256 1720 5,
2285 1658 2728 1743 compluribus

671 1769 971 1833 hostibus
1025 1769 1327 1833 defendat
1394 1770 1590 1853 (unde
1652 1769 1845 1834 etiam
1906 1771 2187 1833 Daemon
2249 1770 2517 1834 enititur
2567 1771 2729 1834 illud

671 1880 862 1976 variis
892 1880 1250 1945 rationibus
1282 1882 1587 1963 evertere)
1622 1882 1816 1945 refert
1860 1880 2216 1966 plurimum
2262 1881 2346 1945 ad
2391 1904 2729 1947 conserva·

671 1991 916 2054 tionem
946 2003 1012 2056 et
1043 1998 1468 2076 augmentum
1498 1992 1701 2056 totius
1741 1992 1937 2076 hujus
1983 1993 2291 2077 corporis,
2334 1993 2565 2078 procul
2607 1994 2721 2057 ad-

670 2103 939 2166 modum
970 2124 1229 2166 omnem
1260 2102 1540 2166 avaritiae
1575 2103 1855 2187 speciem
1897 2102 2266 2186 ablegasse3
2326 2104 2540 2167 nullos
2583 2106 2729 2167 red-

673 2213 871 2291 ditus,
930 2213 1033 2277 vel
1105 2213 1567 2298 possessiones,
1626 2214 1731 2277 vel
1802 2213 2125 2299 stipendia
2182 2236 2302 2298 pro
2362 2213 2542 2278 verbi
2601 2214 2728 2278 Dei

675 2324 1154 2409 praedicatione,
1185 2336 1298 2389 aut
1326 2324 1625 2403 lectione,
1670 2336 1784 2387 aut
1827 2323 2065 2404 missis,
2109 2335 2224 2388 aut
2268 2324 2729 2388 administrati-

668 2457 791 2499 one
823 2441 1395 2515 sacramentorum,
1440 2447 1554 2498 aut
1586 2435 1851 2499 demum
1881 2434 2076 2499 rebus
2109 2434 2507 2519 quibuslibet
2538 2435 2726 2521 spiri-

669 2548 955 2621 tualibus
992 2550 1090 2632 (ut
1130 2559 1229 2612 est
1272 2547 1342 2611 in
1389 2555 1570 2612 sexta
1612 2559 1795 2633 parte
1842 2548 2113 2631 dictum)
2149 2547 2572 2627 admittendo,
2603 2570 2724 2612 nec

670 2660 755 2723 ad
785 2682 969 2724 suam
1000 2659 1347 2723 utilitatem
1376 2658 1668 2722 redditus
1702 2658 2140 2744 Collegiorum
2171 2658 2578 2744 applicando.

580 2776 621 2833 6
669 2769 817 2833 Erit
846 2770 1042 2834 etiam
1074 2770 1313 2834 summi
1342 2769 1678 2848 momenti,
1709 2780 1784 2833 ut
1813 2780 2129 2854 perpetuo
2174 2769 2353 2833 foelix
2384 2769 2722 2833 Societatis

666 2888 877 2945 status
925 2894 1363 2962 conservetur,
1411 2881 1902 2966 diligentissime
1951 2882 2366 2960 ambitionem,
2418 2885 2723 2945 malorum

671 2992 940 3054 omnium
985 2991 1054 3055 in
1115 2992 1341 3076 quavis
1402 2991 1660 3077 Repub.
1719 2991 1822 3055 vel
1873 2991 2372 3074 congregatione
2425 2999 2720 3070 matrem,

667 3100 1070 3180 submovere,
1122 3123 1197 3173 ac
1245 3102 1495 3165 aditum
1547 3103 1630 3165 ad
1677 3100 2083 3186 dignitatem,
2122 3100 2227 3164 vel
2275 3100 2723 3184 praelationem

666 3211 868 3275 ullam
899 3212 1138 3276 directe
1167 3213 1271 3277 vel
1299 3213 1613 3277 indirecte
1645 3212 2059 3296 quaerendam
2088 3211 2158 3274 in
2192 3211 2511 3275 Societate
2555 3234 2722 3295 prae-

667 3325 945 3388 cludere.
1038 3324 1236 3391 Quod
1266 3332 1341 3388 ut
1369 3325 1506 3403 fiat,
1537 3345 1762 3387 omnes
1797 3323 2078 3387 Professi
2124 3345 2192 3386 se
2237 3322 2401 3385 nihil
2429 3343 2720 3405 unquam

664 3436 748 3499 ad
778 3458 920 3499 eam
951 3435 1372 3500 obtinendam
1403 3445 1684 3514 acturoS,
1715 3445 1781 3498 et
1811 3456 1975 3519 quos
2021 3455 2207 3519 agere
2255 3432 2720 3496 animadverte-

663 3546 817 3624 rint,
859 3547 1204 3625 delaturoS,
1248 3548 1391 3611 Deo
1429 3568 1504 3610 ac
1545 3546 1834 3610 Domino
1874 3556 2098 3610 nostro
2142 3552 2459 3611 voveant:
2511 3555 2576 3607 et
2618 3543 2718 3607 in-

663 3680 933 3743 capaces
965 3680 1038 3722 ac
1068 3659 1384 3723 inhabiles
1415 3659 1499 3723 ad
1541 3659 1987 3743 praelationem
2020 3658 2313 3743 quamvis
2357 3657 2719 3720 habeantur

660 3768 728 3848 ii,
790 3770 869 3832 de
932 3769 1168 3853 quibus
1226 3769 1488 3854 probari
1566 3780 1811 3852 posset,
1873 3769 2051 3853 quod
2109 3790 2253 3832 eam
2314 3767 2713 3831 ambiissent.

664 3879 1058 3945 Promittant
1111 3880 1306 3944 etiam
1366 3881 1510 3944 Deo
1570 3901 1646 3943 ac
1706 3879 1993 3943 Domino
2053 3886 2276 3943 nostro
2328 3879 2412 3941 ad
2470 3877 2716 3940 nullam

663 3991 859 4054 etiam
919 4002 1098 4055 extra
1173 3991 1561 4056 Societatem
1634 3991 2099 4075 praelationem,
2159 3990 2263 4053 vel
2335 3988 2718 4073 dignitatem

663 4102 1082 4168 obtinendam
1114 4125 1180 4167 se
1212 4103 1558 4188 quicquam
1591 4114 1868 4181 acturos,
1899 4124 2020 4165 nec
2064 4101 2148 4165 ad
2193 4101 2295 4164 sui
2337 4099 2717 4164 electionem

662 4212 747 4275 ad
774 4213 1148 4298 hujusmodi
1177 4236 1439 4294 munus,
1470 4212 1826 4299 quoadejus
1857 4213 1996 4278 fieri
2035 4212 2296 4299 poterit,
2327 4232 2715 4276 consensum
