3146 5014
542 479 625 535 46
1298 492 1948 538 coNs'rI'rU'rloNUM

662 661 888 741 porale
904 661 1232 740 proemium
1261 658 1548 743 accipere
1579 679 1698 743 pro
1730 658 2172 744 spiritualibus
2217 660 2614 741 ministeriis,
2654 664 2723 726 in

675 770 911 854 quibus
949 770 1137 856 juxta
1165 781 1460 834 nostrum
1491 770 1866 834 institutum
1896 770 1965 834 in
1992 770 2454 856 proximorum
2500 775 2726 839 auxili-

673 903 787 944 um
817 902 1249 966 occupamur:
1297 904 1430 946 non
1460 882 1764 946 convenit
1792 882 1992 946 ullam
2025 882 2298 968 collegii
2328 884 2724 949 dotationem

676 992 1035 1071 admittere,
1082 1014 1201 1077 per
1259 1014 1453 1076 quam
1514 993 1599 1056 ad
1659 993 1947 1056 dandum
2002 993 2564 1075 Concionatorem,
2613 1008 2725 1060 aut

680 1103 1186 1182 Confessarium,
1218 1115 1331 1166 aut
1361 1104 1702 1167 Lectorem
1749 1104 2025 1189 aliquem
2074 1105 2467 1190 Theologiae,
2511 1106 2726 1171 Socie-

678 1227 777 1278 tas
830 1214 1172 1300 obligetur.
1264 1214 1559 1280 Quanvis
1611 1214 1786 1277 enim
1837 1215 2161 1299 aequitatis
2203 1228 2267 1280 et
2311 1218 2727 1302 gratitudinis

677 1325 840 1388 ratio
871 1347 991 1389 nos
1022 1324 1106 1388 ad
1136 1324 1545 1389 serviendum
1577 1346 1726 1388 cum
1772 1325 1998 1409 majori
2044 1326 2379 1412 diligentia
2421 1328 2490 1391 in
2537 1328 2729 1392 dictis

677 1435 1072 1515 ministeriis,
1096 1457 1241 1518 quae
1271 1435 1477 1498 nostri
1506 1435 1791 1499 instituti
1821 1447 1977 1499 sunt
2005 1437 2286 1521 propria,
2315 1449 2570 1501 moveat
2597 1463 2613 1501 ι
2658 1439 2728 1502 in

681 1545 987 1630 Collegiis
1031 1556 1273 1624 tamen,
1314 1566 1460 1629 quae
1506 1544 1734 1629 majori
1784 1567 1935 1608 cum
1985 1546 2363 1610 liberalitate
2416 1558 2480 1610 et
2534 1547 2730 1612 devo-

678 1657 853 1720 tione
884 1655 1155 1719 fundata
1185 1666 1361 1734 sunt,
1392 1677 1525 1718 non
1557 1667 1713 1718 sunt
1740 1655 2127 1740 recipiendae
2173 1656 2597 1742 obligationes
2627 1660 2731 1722 vel

679 1767 1105 1847 conditiones,
1137 1789 1282 1850 quae
1329 1765 1785 1850 synceritatem
1829 1765 2189 1851 impediant
2233 1768 2438 1831 nostri
2482 1769 2548 1832 in
2579 1791 2730 1853 pro-

680 1878 968 1942 cedendo
1008 1877 1207 1955 modi,
1252 1876 1365 1960 qui
1416 1888 1537 1953 est,
1591 1877 1741 1939 dare
1787 1876 2008 1961 gratis,
2054 1900 2200 1961 quae
2244 1879 2445 1963 gratis
2482 1880 2730 1964 accepi-

678 1978 863 2051 mus:
912 1987 1184 2072 quanvis
1223 2008 1343 2071 pro
1388 2008 1614 2050 eorum
1660 1987 2199 2067 substentatione,
2245 1990 2356 2072 qui
2402 1991 2730 2053 communi

679 2099 853 2163 bono
904 2096 1342 2182 Collegiorum
1396 2097 1707 2176 serviunt,
1760 2097 1863 2160 vel
1913 2105 2180 2182 propter
2229 2098 2392 2162 illud
2444 2101 2731 2181 student,

683 2212 947 2288 dotatiO,
978 2231 1173 2293 quam
1195 2208 1645 2273 Fundatorum
1677 2208 1954 2273 charitas
1986 2209 2315 2295 assignare
2348 2212 2428 2275 ad
2459 2211 2730 2296 gloriam

684 2322 969 2386 divinam
1000 2320 1185 2399 solet,
1216 2321 1619 2385 admittatur.

614 2629 709 2671 DE
745 2625 1260 2671 ScflohAs'rIcls
1296 2624 1818 2668 INSTITUENDIS
1854 2626 1932 2667 IN
1971 2626 2089 2685 118,
2123 2626 2288 2674 QUAE
2322 2627 2422 2670 AD
2458 2627 2682 2670 PROX-

1006 2736 1180 2781 tuos
1216 2736 1389 2779 SUOS
1422 2735 1809 2780 JUVANDOS
1845 2737 2290 2782 PERTINENT.

1423 2838 1619 2903 CAP.
1666 2839 1862 2904 VIII.

602 2975 633 3029 1
688 2966 988 3031 Scomm
1020 2963 1202 3027 illum
1232 2963 1570 3044 intuendo,
1603 2964 1686 3029 ad
1725 2986 1920 3049 quem
1965 2965 2180 3028 studia
2211 2965 2549 3029 Societatis
2582 2967 2736 3031 diri-

685 3087 951 3162 guntur,
997 3075 1118 3139 sub
1164 3075 1453 3161 ipsorum
1498 3077 1697 3140 finem
1743 3098 2104 3161 congruum
2145 3075 2286 3155 erit,
2322 3086 2398 3139 ut
2443 3076 2526 3139 ad
2556 3099 2736 3141 arma

688 3190 1044 3277 spiritualia
1072 3191 1141 3255 in
1170 3191 1614 3276 proximorum
1645 3189 1954 3254 auxilium
2001 3192 2338 3255 tractanda
2368 3213 2733 3256 assuescere

685 3302 1021 3389 incipiant.
1113 3302 1406 3369 Quanvis
1437 3302 1611 3366 enim
1643 3301 1709 3364 id
1749 3299 2008 3385 proprie
2052 3301 2261 3386 magis
2291 3312 2356 3364 et
2388 3301 2633 3366 diutius
2663 3303 2732 3366 in

686 3414 986 3479 domibus
1017 3414 1151 3494 fiat,
1181 3413 1419 3499 poterit
1450 3424 1669 3477 tamen
1699 3411 1767 3474 in
1801 3411 2108 3497 Collegiis
2139 3412 2450 3476 inchoari.

601 3535 638 3589 2
687 3525 976 3590 Primum
1027 3525 1141 3602 illi,
1193 3524 1304 3608 qui
1360 3524 1551 3609 juxta
1605 3522 1966 3609 Superioris
2020 3522 2342 3608 judicium
2384 3524 2467 3588 ad
2520 3547 2731 3589 sacros

687 3636 944 3700 ordines
975 3647 1163 3699 erunt
1194 3633 1639 3720 promovendi,
1668 3634 1737 3697 in
1768 3635 2014 3698 ratione
2047 3635 2275 3699 Missae
2317 3636 2628 3716 dicendae,
2660 3647 2733 3700 ut

684 3758 921 3833 praeter
949 3745 1464 3831 intelligentiam,
1484 3755 1549 3808 et
1581 3744 1990 3809 devotionem
2020 3745 2365 3826 internam,
2397 3748 2734 3810 decentem

686 3862 881 3925 etiam
911 3861 1192 3925 habeant
1224 3858 1605 3923 exteriorem
1644 3858 1913 3922 modum
1959 3859 2043 3922 ad
2088 3859 2491 3923 audientium
2535 3859 2736 3924 aedifi-

687 3973 1030 4053 cationem,
1061 3971 1490 4036 instituantur
1515 3996 1530 4034 ε
1579 3981 1644 4034 et
1675 3970 2054 4035 ceremoniis
2085 3970 2331 4036 eisdem
2374 3972 2584 4035 omnis
2619 3970 2738 4035 So-

687 4083 905 4163 cietas,
959 4094 1280 4168 quantum
1334 4082 1472 4146 fieri
1525 4093 1764 4167 potest,
1814 4093 2071 4147 utatur:
2136 4082 2205 4146 in
2259 4083 2496 4168 quibus
2543 4105 2737 4147 usum
