3146 5014
1267 481 1451 524 PARs
1501 480 1813 524 nnofflA.
2459 468 2580 525 123

527 646 1036 710 instrumentum
1088 642 1518 729 conjungunt,
1579 665 1654 707 ac
1716 643 2094 727 disponunt,
2155 654 2230 706 ut
2282 665 2320 706 a
2368 643 2586 709 divina

529 781 729 822 manu
758 765 933 821 recte
963 756 1382 842 gubernetur,
1413 756 1768 821 efficaciora
1799 766 1976 835 sunt,
2006 777 2202 840 quam
2248 777 2394 840 quae
2424 755 2586 820 illud

535 872 897 955 disponunt
956 891 1108 954 erga
1165 868 1482 933 homines·
1576 867 1977 952 Hujusmodi
2036 879 2135 932 est
2184 867 2473 953 probitas
2522 880 2588 933 et

533 982 761 1061 virtus,
792 1004 867 1045 ac
896 982 1222 1066 praecipue
1254 980 1554 1060 charitas,
1587 991 1652 1043 et
1695 1002 1861 1065 pura
1902 979 2179 1044 intentio
2226 979 2426 1043 divini
2457 1002 2589 1044 ser-

535 1093 696 1173 vitii,
726 1103 792 1157 et
821 1092 1220 1156 familiaritas
1266 1115 1416 1156 cum
1448 1093 1592 1155 Deo
1622 1091 1692 1154 in
1738 1091 2182 1176 spiritualibus
2228 1092 2589 1156 devotionis

535 1204 874 1286 exercitiis,
906 1212 972 1268 et
1016 1204 1194 1268 zelus
1240 1224 1550 1289 syncerus
1597 1202 1981 1282 animarum,
2012 1203 2096 1266 ad
2124 1203 2395 1287 gloriam
2426 1203 2588 1288 ejuS,

533 1316 644 1400 qui
674 1338 782 1379 eas
814 1314 1052 1379 creavit
1082 1337 1156 1378 ao
1186 1314 1480 1393 redemit,
1512 1314 1740 1399 quovis
1772 1314 1895 1377 alio
1940 1314 2377 1378 emolumento
2407 1326 2590 1399 post-

531 1426 776 1491 habito·
866 1426 1144 1490 Videtur
1186 1426 1402 1511 itaque
1456 1426 1526 1489 in
1587 1426 1963 1490 universum
2009 1428 2371 1490 curandum
2424 1449 2586 1507 esse,

534 1549 609 1602 ut
639 1559 888 1617 omneS,
920 1537 1033 1622 qui
1063 1559 1130 1600 se
1164 1536 1472 1600 Societati
1501 1527 1913 1617 addixerunt,
1939 1537 2008 1600 in
2046 1537 2365 1601 virtutum
2396 1537 2592 1601 solid-

536 1671 719 1713 arum
779 1671 854 1712 ac
912 1649 1366 1734 perfectarum,
1426 1659 1493 1712 et
1540 1648 1973 1733 spiritualium
2022 1671 2240 1713 rerum
2301 1650 2591 1712 studium

535 1760 962 1840 incumbant3
1006 1761 1129 1823 hac
1159 1760 1229 1823 in
1264 1760 1642 1844 hujusmodi
1683 1760 1895 1845 majus
1938 1771 2366 1839 momentum,
2397 1761 2591 1844 quam

536 1871 606 1933 in
639 1870 954 1950 doctrina,
983 1872 1087 1935 vel
1118 1870 1256 1934 aliis
1303 1870 1490 1935 donis
1534 1870 1938 1935 naturalibus
1983 1877 2049 1935 et
2089 1870 2394 1934 humanis
2439 1893 2594 1935 con-

538 1983 842 2048 stitutum
903 2004 1042 2047 esse
1104 1984 1366 2047 ducant.
1460 1983 1627 2047 Haec
1687 1983 1861 2046 enim
1920 1984 2226 2048 interiora
2286 1995 2463 2064 sunt,
2512 2006 2591 2047 ex

537 2095 774 2180 quibus
806 2095 1155 2159 efficaciam
1187 2096 1270 2158 ad
1300 2095 1614 2161 exteriora
1650 2117 2027 2180 permanare
2059 2097 2143 2160 ad
2172 2097 2371 2159 finem
2402 2095 2591 2160 nobis

535 2207 944 2292 propositum
975 2218 1251 2292 oportet.

452 2324 493 2383 3
543 2318 691 2383 Hoc
724 2319 904 2404 jacto
934 2319 1381 2398 fundamento,
1412 2318 1625 2381 media
1661 2318 1770 2381 illa
1814 2318 2150 2398 naturalia,
2183 2340 2330 2401 quae
2361 2318 2489 2382 Dei
2519 2341 2593 2409 ac

541 2429 811 2495 Domini
839 2430 1046 2495 nostri
1075 2430 1585 2494 instrumentum
1617 2429 1697 2493 ab
1730 2452 1804 2493 ea
1831 2441 2014 2516 parte
2055 2430 2435 2515 disponunt,
2466 2452 2597 2516 qua

538 2542 867 2628 proximos
915 2541 1201 2626 respicit,
1253 2540 1322 2605 in
1373 2542 1750 2605 universum
1800 2542 1883 2604 ad
1934 2541 2486 2606 conservationem
2530 2553 2597 2605 et

542 2654 1016 2718 incrementum
1046 2653 1247 2718 totius
1285 2653 1483 2737 hujus
1529 2653 1815 2737 corporis
1861 2653 2230 2717 conferente
2294 2651 2349 2715 si
2377 2662 2597 2715 tamen

541 2776 607 2830 et
655 2767 1096 2845 addiscantur,
1155 2777 1234 2857 et*
1274 2776 1692 2829 exerceantur
1744 2787 2010 2850 syncere
2063 2766 2147 2828 ad
2199 2765 2409 2829 solum
2469 2765 2598 2828 Dei

544 2877 973 2962 obsequium3
1034 2899 1169 2941 non
1217 2888 1294 2941 ut
1332 2877 1458 2940 illis
1510 2875 1751 2940 fiducia
1795 2887 2020 2941 nostra
2067 2876 2428 2956 innitatur3
2480 2876 2597 2940 sed

542 2989 762 3073 potius
793 2998 868 3052 ut
899 2987 1134 3053 divinae
1174 2988 1397 3073 gratiae
1432 2987 1627 3072 juxta
1671 3010 1943 3052 summae
1986 2987 2413 3074 providentiae
2459 3009 2594 3051 suae

544 3100 861 3163 ordinem'
896 3122 1013 3185 per
1070 3100 1212 3163 haec
1273 3122 1713 3184 cooperemur,
1775 3100 1889 3185 qui
1949 3100 2033 3163 ad
2090 3100 2359 3184 gloriam
2413 3121 2598 3163 suam

546 3222 679 3274 tam
726 3212 897 3275 dona
945 3211 1281 3291 naturalia,
1330 3233 1475 3295 quae
1523 3211 1664 3296 ipse
1708 3221 1784 3274 ut
1831 3210 2118 3288 Creator,
2164 3231 2359 3294 quam
2405 3231 2601 3294 super

544 3324 883 3404 naturalia,
914 3346 1059 3409 quae
1089 3335 1166 3388 ut
1195 3324 1419 3409 gratiae
1465 3325 1700 3387 author
1744 3322 1965 3401 donat,
1995 3322 2137 3385 vult
2180 3321 2420 3385 referri.
2509 3323 2601 3386 Et

545 3437 693 3502 ideo
740 3437 952 3501 media
1009 3438 1318 3517 humana,
1375 3435 1479 3500 vel
1536 3456 1655 3520 per
1700 3433 2086 3497 industriam
2137 3433 2473 3519 acquisita,
2526 3455 2600 3497 ac

546 3547 872 3633 praecipue
912 3548 1207 3612 doctrina
1246 3558 1470 3612 exacta
1513 3557 1581 3610 et
1624 3545 1850 3625 solida,
1880 3556 1946 3608 et
1988 3545 2223 3609 modus
2267 3568 2409 3611 eam
2451 3566 2603 3629 pro-

544 3658 834 3743 ponendi
876 3658 1121 3744 populo
1151 3658 1222 3721 in
1252 3656 1695 3738 concionibuS,
1725 3668 1791 3722 et
1833 3656 2244 3735 lectionibus,
2288 3667 2353 3719 et
2395 3657 2605 3719 forma

548 3769 783 3854 agendi
829 3791 981 3833 cum
1024 3768 1422 3849 hominibus,
1466 3769 1855 3853 eosdemque
1899 3766 2222 3831 tractandi
2261 3765 2604 3850 diligenter

547 3880 834 3944 curanda
866 3887 1041 3944 sunt.

457 3998 501 4055 4
546 3991 591 4055 J
593 3990 803 4055 uverit
833 3990 1030 4055 etiam
1059 4011 1450 4076 magnopere
1479 3989 1550 4053 in
1583 4012 1700 4054 suo
1733 3988 1907 4053 bono
1948 3998 2125 4052 statu
2154 4008 2228 4050 ac
2260 3985 2603 4071 disciplina

551 4102 845 4187 Collegia
873 4123 1273 4182 conservare,
1317 4113 1382 4166 et
1427 4101 1510 4165 ad
1552 4100 1623 4165 id
1666 4121 1889 4165 eorum
1936 4097 2601 4185 superintendentiam

548 4236 665 4298 per
707 4214 855 4279 illos
908 4236 1222 4294 exercere,
1262 4214 1500 4299 quibus
1553 4213 1851 4278 utilitatis
1904 4211 2276 4298 temporalis
2320 4211 2485 4274 nihil
2528 4232 2608 4272 ex
