3146 5014
1299 495 1481 538 PARS
1531 495 1758 539 NONA.
2486 485 2605 541 105

561 658 689 723 Dei
736 660 1007 744 gloriam
1060 660 1214 723 satis
1262 661 1391 724 fere
1444 684 1702 747 semper
1753 673 2088 746 occupata,
2139 662 2609 728 universalibus

560 771 662 834 his
694 771 1121 835 conventibus
1151 771 1367 835 minus
1398 772 1635 836 laboris
1667 785 1732 836 et
1762 773 2194 838 distractionis
2223 772 2526 858 patiatur.

631 1059 899 1107 QUALIS
936 1061 1101 1104 ESSE
1138 1063 1432 1105 DEBEAT
1468 1062 1931 1106 PRAEPOSITUS
1966 1062 2410 1111 GENERALIS.

478 1314 508 1371 1
563 1308 796 1372 INTER
846 1310 1029 1372 dotes
1077 1310 1302 1388 varias,
1355 1310 1593 1394 quibus
1642 1310 1854 1374 ornari
1907 1309 2338 1393 Praepositum
2394 1308 2610 1372 Gene-

559 1420 779 1499 ralem,
825 1421 1186 1505 optandum
1232 1430 1351 1500 est,
1395 1422 1687 1486 omnium
1731 1421 1941 1506 prima
1984 1422 2124 1485 haec
2166 1420 2324 1495 erit;
2367 1426 2442 1484 ut
2470 1442 2610 1484 cum

559 1532 694 1595 Deo
740 1553 816 1594 ac
844 1532 1110 1595 Domino
1155 1539 1368 1596 nostro
1416 1534 1603 1614 quam
1643 1534 1912 1596 maoeime
1956 1534 2339 1614 conjunctae,
2384 1539 2447 1596 et
2486 1533 2609 1613 fa-

558 1643 827 1705 miliaris
858 1649 989 1705 tam
1018 1644 1086 1705 in
1115 1646 1418 1721 oratione,
1450 1644 1635 1725 quam
1664 1645 1733 1706 in
1762 1644 2040 1706 omnibus
2082 1644 2216 1705 suis
2259 1643 2608 1706 actionibus

559 1756 647 1816 sit
669 1781 690 1826 ;
736 1766 813 1817 ut
843 1776 918 1816 eo
949 1753 1211 1816 uberius
1244 1755 1323 1816 ab
1354 1753 1521 1838 ipso,
1550 1764 1624 1817 ut
1655 1753 1812 1817 boni
1843 1753 2044 1817 totius
2074 1755 2275 1831 fonte,
2306 1753 2608 1818 universo

560 1865 810 1949 corpori
860 1865 1197 1929 Societatis
1246 1864 1687 1928 abundantem
1737 1865 2077 1942 donorum,
2126 1886 2201 1927 ac
2251 1864 2605 1948 gratiarum

558 1974 696 2059 ejus
754 1975 1338 2060 participationem,
1399 1997 1472 2038 ac
1532 1975 1813 2038 multum
1873 1975 2127 2053 valoris,
2187 1985 2250 2038 et
2309 1976 2605 2039 efficaciae

557 2085 858 2149 omnibus
897 2086 1022 2148 illis
1066 2085 1446 2163 rationibuS,
1478 2084 1714 2168 quibus
1762 2085 1845 2147 ad
1889 2085 2247 2150 animarum
2294 2085 2604 2149 auxilium

553 2202 795 2274 utetur,
824 2195 1147 2280 impetret.

470 2313 509 2367 2
557 2305 877 2385 Secunda,
916 2318 993 2369 ut
1035 2308 1134 2371 vir
1174 2307 1278 2387 sit,
1324 2308 1509 2393 cujus
1552 2309 1620 2372 in
1667 2309 1845 2373 omni
1885 2308 2198 2372 virtutum
2228 2330 2462 2393 genere
2494 2330 2603 2371 ex-

556 2417 845 2501 emplum
874 2417 1155 2501 reliquos
1187 2419 1267 2482 de
1300 2419 1619 2483 Societate
1654 2419 1879 2502 juvet3
1940 2441 2013 2481 ac
2056 2419 2384 2504 praecipue
2427 2419 2496 2482 in
2527 2440 2604 2482 eo

557 2530 860 2614 splendor
908 2531 1237 2594 charitatis
1283 2554 1434 2616 erga
1478 2554 1703 2596 omnes
1751 2531 2101 2616 proximOS,
2153 2543 2219 2594 et
2257 2531 2326 2593 in
2374 2530 2602 2615 primis

555 2662 706 2725 erga
736 2640 1145 2721 Societatem,
1176 2664 1250 2705 ac
1289 2664 1454 2706 verae
1497 2641 1902 2719 humilitatis,
1933 2663 2078 2724 quae
2109 2642 2254 2704 Deo
2299 2649 2364 2704 et
2392 2639 2603 2704 homi-

553 2751 745 2814 nibus
776 2751 1116 2816 amabilem
1147 2774 1296 2815 eum
1325 2753 1622 2830 reddant,
1654 2751 1738 2815 sit
1769 2751 2180 2835 conspicuus.

466 2869 505 2926 3
555 2863 751 2926 Liber
798 2863 993 2926 etiam
1047 2865 1126 2926 ab
1177 2863 1478 2927 omnibus
1538 2863 1920 2927 inordinatis
1968 2862 2438 2942 affectionibus,
2485 2885 2603 2947 per

553 2973 825 3056 gratiam
877 2973 1005 3036 Dei
1053 2973 1351 3037 edomitis
1411 2981 1477 3037 et
1534 2973 1958 3053 mortificatis,
2012 2974 2097 3037 sit
2156 2984 2454 3058 oportet3
2516 2995 2598 3037 ne

551 3081 821 3146 interius
884 3083 1208 3166 judicium
1267 3083 1533 3147 rationis
1593 3083 1997 3168 perturbent,
2058 3095 2124 3146 et
2182 3095 2258 3146 ut
2318 3081 2598 3147 exterius

553 3203 684 3254 tam
726 3193 809 3256 sit
852 3194 1271 3278 compositUS,
1312 3206 1378 3257 et
1424 3194 1492 3256 in
1536 3193 1861 3277 loquendo
1899 3193 2259 3277 praesertim
2303 3203 2438 3256 tam
2476 3193 2598 3256 cir-

553 3308 966 3387 cunspectuS,
1002 3314 1078 3366 ut
1121 3304 1190 3366 in
1242 3327 1317 3367 eo
1371 3303 1554 3381 nihil,
1608 3325 1690 3366 ne
1734 3301 2003 3366 verbum
2048 3301 2332 3385 quidem,
2384 3303 2595 3365 notari

550 3414 777 3497 possit,
819 3414 995 3498 quod
1042 3437 1175 3478 non
1216 3415 1299 3477 ad
1349 3413 1841 3477 aedificationem
1895 3413 2026 3476 sive
2068 3434 2313 3491 eorum,
2355 3411 2467 3495 qui
2512 3413 2592 3476 de

554 3523 870 3589 Societate
912 3537 1066 3589 sunt
1113 3525 1373 3609 (quibus
1421 3523 1687 3609 speculi,
1732 3535 1797 3587 et
1841 3524 2222 3608 exemplaris
2265 3523 2406 3588 loco
2453 3544 2592 3588 esse

550 3634 762 3716 debet)
800 3636 930 3699 sive
962 3647 1373 3700 externorum
1402 3634 1616 3699 faciat.

457 3754 499 3809 4
546 3747 987 3811 Nihilominus
1032 3770 1106 3811 eo
1150 3749 1343 3811 modo
1387 3747 1682 3811 didicerit
1724 3748 2202 3824 rectitudinem,
2247 3768 2320 3809 ac
2359 3746 2590 3810 severi-

542 3862 742 3919 tatem
794 3857 1217 3922 necessariam
1284 3880 1434 3920 eum
1501 3857 1900 3942 benignitate
1961 3867 2026 3919 et
2094 3856 2589 3919 mansuetudine

541 3967 830 4046 miscere,
881 3980 957 4031 ut
1000 3989 1119 4031 nec
1181 3989 1247 4030 se
1314 3967 1486 4030 flecti
1549 3967 1719 4030 sinat
1780 3967 1859 4029 ab
1927 3989 2024 4046 eo,
2087 3965 2263 4049 quod
2314 3966 2458 4029 Deo
2511 3988 2586 4030 ac

540 4076 827 4141 Domino
872 4089 1094 4142 nostro
1138 4076 1382 4162 gratius
1426 4076 1559 4141 fore
1596 4075 2021 4161 judicaverit:
2078 4086 2143 4139 et
2188 4087 2405 4140 tamen
2436 4076 2585 4141 filiis
