3146 5014
1290 548 1473 591 PARS
1523 549 1749 592 NoNA.
2482 541 2601 598 113

557 731 702 795 quae
736 712 953 774 omnia
995 713 1094 775 vel
1136 735 1390 798 augere,
1431 716 1533 777 vel
1573 715 1953 778 imminuere
1994 716 2232 799 poterit
2279 717 2606 797 Societas;

554 834 749 909 prout
800 823 1226 908 Praepositum
1269 826 1484 909 ipsum
1540 848 1613 889 ac
1661 849 1727 889 se
1775 828 2018 906 decere,
2065 839 2129 891 et
2171 829 2314 891 Deo
2361 831 2606 914 gratius

555 936 689 998 fore
723 935 1067 1019 judicabit.
1159 936 1249 998 Et
1287 936 1440 999 huic
1489 936 1827 1001 Societatis
1869 938 2256 1002 ordinationi
2290 940 2609 1024 Praeposi-

559 1058 699 1108 tum
733 1046 1133 1130 acquiescere
1166 1047 1507 1131 oportebit.

562 1157 859 1221 Secunda
906 1157 989 1219 ad
1042 1158 1325 1242 corporis
1380 1179 1600 1220 curam
1652 1158 1955 1242 pertinet,
2008 1181 2089 1222 ne
2137 1160 2205 1222 in
2258 1159 2608 1240 laboribuS,

557 1269 659 1332 vel
697 1269 907 1353 rigore
956 1268 1157 1332 nimio
1204 1291 1576 1332 mensuram
1631 1270 1916 1333 excedat.
2010 1271 2159 1336 Qua
2198 1271 2391 1334 etiam
2430 1272 2498 1335 in
2539 1294 2607 1335 re

559 1379 641 1441 ad
685 1378 1194 1442 moderationem
1232 1401 1298 1442 se
1343 1380 1566 1442 reduci
1613 1379 1781 1443 sinet
1814 1380 2140 1465 Superior,
2172 1393 2237 1444 et
2269 1382 2607 1446 Societatis

557 1488 819 1552 arbitrio
851 1489 1233 1572 acquiescet.

559 1601 777 1664 Tertia
807 1600 890 1663 ad
921 1601 1202 1663 animam
1233 1600 1372 1685 ejus
1405 1612 1656 1685 spectat
1666 1626 1684 1680 3
1731 1603 1879 1665 cum
1903 1603 2096 1665 etiam
2125 1606 2283 1666 viris
2298 1605 2611 1685 perfectis

560 1710 907 1793 aliquando
947 1710 1323 1795 hujusmodi
1366 1733 1520 1773 cura
1556 1710 1660 1773 vel
1701 1712 1869 1774 circa
1906 1733 2271 1796 personam,
2301 1715 2404 1777 vel
2444 1714 2611 1777 circa

560 1820 841 1883 officium
876 1821 960 1884 sit
990 1821 1365 1884 necessaria.
1460 1821 1720 1884 Habeat
1750 1843 1902 1906 ergo
1936 1821 2222 1885 Societas
2255 1846 2404 1886 cum
2437 1824 2610 1887 Prae-

557 1930 772 2014 posito
819 1930 1121 1994 Generali
1179 1933 1266 2012 (et
1313 1930 1486 1993 idem
1535 1952 1685 1993 cum
1732 1929 2139 1995 inferioribus
2182 1932 2319 1995 fieri
2359 1936 2603 2017 posset)

559 2041 861 2125 aliquem,
904 2042 1017 2125 qui
1058 2044 1368 2105 accedens
1414 2041 1497 2104 ad
1538 2042 1756 2104 Deum
1795 2042 1862 2104 in
1906 2043 2213 2121 oratione,
2258 2052 2611 2128 postquam

561 2151 845 2215 divinam
885 2151 1243 2215 bonitatem
1284 2151 1702 2231 consuluerit,
1745 2164 1810 2216 et.
1854 2174 2114 2236 aequum
2151 2176 2290 2217 esse
2331 2154 2400 2217 id
2432 2155 2611 2240 judi-

560 2264 819 2341 caverit,
861 2286 1011 2326 cum
1050 2263 1367 2327 modestia
1397 2263 1635 2342 debita,
1667 2286 1740 2327 ac
1770 2265 2156 2343 humilitate,
2188 2266 2346 2349 quid
2377 2267 2613 2331 sentiat

559 2379 628 2438 in
657 2373 801 2458 ipso
828 2374 1182 2457 Praeposito
1212 2373 1449 2456 requiri
1482 2374 1564 2436 ad
1594 2374 1802 2458 majus
1834 2374 2217 2458 obsequium
2248 2387 2313 2439 et
2342 2376 2611 2461 gloriam

560 2485 709 2565 Dei,
751 2485 1095 2549 admonere
1144 2484 1375 2551 debeat
1397 2511 1416 2564 3
1486 2485 1618 2549 sive
1662 2485 1768 2549 ille
1823 2485 1907 2549 sit
1951 2485 2091 2571 ejus
2142 2486 2611 2569 Confessarius,

563 2597 693 2660 sive
747 2597 909 2660 alius
964 2597 1285 2681 quispiam
1332 2619 1450 2681 per
1505 2596 1893 2660 Societatem
1943 2598 2340 2680 designatuS,
2381 2600 2494 2682 qui
2530 2600 2613 2662 ad

562 2708 684 2770 hoc
714 2706 1050 2790 negotium
1082 2706 1276 2788 quam
1305 2705 1584 2768 maxime
1615 2716 1806 2790 aptus
1834 2705 2148 2769 videatur.

565 2817 814 2882 Quarta
844 2826 963 2893 est,
995 2815 1194 2899 quod,
1228 2815 1427 2898 siquis
1457 2827 1717 2900 urgeret
1754 2815 1925 2899 (licet
1969 2838 2117 2878 eum
2159 2838 2291 2878 non
2323 2816 2613 2901 obligan-

564 2929 652 2992 do
685 2928 807 2992 sub
838 2949 1033 3012 poena
1060 2927 1332 3011 peccati)
1368 2939 1445 2990 ut
1486 2927 1870 3011 dignitatem
1912 2928 2192 3011 aliquam
2224 2930 2613 3010 admitteret,

563 3038 632 3102 in
664 3061 793 3123 qua
816 3037 1155 3123 Praepositi
1187 3037 1470 3101 officium
1500 3038 1862 3101 necessario
1893 3039 2391 3123 relinquendum
2422 3054 2614 3122 esset,

563 3175 694 3215 non
725 3162 947 3236 posset
979 3152 1115 3214 sine
1148 3172 1470 3213 consensu
1503 3150 1841 3214 Societatis
1872 3172 2014 3214 eam
2047 3152 2402 3216 admittere.
2497 3154 2615 3217 So-

565 3263 760 3327 cietas
793 3273 1031 3341 autem,
1064 3283 1318 3346 semper
1364 3260 1683 3325 intuendo
1729 3283 1875 3345 quae
1921 3263 2004 3324 ad
2032 3261 2240 3345 majus
2272 3262 2398 3326 Dei
2430 3263 2616 3327 obse-

564 3379 790 3458 quium
824 3382 888 3437 et
916 3373 1186 3458 gloriam
1216 3373 1567 3458 pertinent,
1601 3372 1656 3435 si
1686 3371 2053 3435 obedientia
2084 3373 2253 3435 sedis
2284 3374 2616 3457 Apostoli-

567 3506 660 3547 cae
688 3505 822 3547 non
853 3484 1255 3569 compulerit,
1288 3504 1625 3546 assensum
1655 3503 1992 3565 nunquam
2021 3482 2375 3566 praestabit.

570 3594 818 3660 Quinta
846 3594 1062 3658 locum
1091 3594 1309 3672 habet,
1342 3593 1396 3656 si
1427 3592 1764 3672 accideret,
1794 3606 1871 3657 ut
1898 3594 2083 3657 valde
2129 3593 2486 3679 negligens,
2516 3595 2618 3658 vel

564 3704 871 3769 remissus
926 3715 1094 3769 esset
1145 3704 1214 3767 in
1263 3703 1457 3767 rebus
1504 3703 1726 3788 magni
1775 3704 2088 3767 momenti
2147 3704 2230 3766 ad
2279 3705 2618 3788 Praepositi

563 3815 845 3878 officium
876 3815 1353 3899 pertinentibus
1382 3827 1650 3899 propter
1681 3813 1965 3898 corporis
1997 3836 2255 3897 gravem
2287 3814 2618 3897 aegritudi-

564 3948 737 4006 nem,
769 3938 881 3991 aut
924 3926 1198 4004 senium,
1241 3948 1354 4010 spe
1393 3925 1864 3989 emendationis
1910 3946 1984 3987 ea
2027 3925 2095 3987 in
2125 3910 2307 4008 parte
2330 3925 2616 4007 sublata,

562 4038 736 4101 unde
797 4038 1081 4101 multum
1142 4036 1509 4100 detrimenti
1568 4035 1905 4120 publicum
1964 4035 2233 4099 bonum'
2267 4046 2615 4121 pateretur.

562 4149 749 4213 Tunc
795 4150 969 4213 enim
1003 4148 1379 4233 Coadjutor,
1409 4147 1512 4209 vel
1541 4146 1858 4227 Vicarius,
1890 4147 2001 4232 qui
2035 4147 2371 4211 Generalis
2404 4140 2613 4213 officio

562 4261 895 4345 fungatur,
936 4272 1033 4325 est
1082 4259 1457 4345 eligendus3
1497 4259 1651 4322 -sive
1696 4258 1969 4343 ipsemet
2018 4260 2411 4346 Praepositus
2465 4282 2614 4323 eum
