3146 5014
420 1057 495 1113 13

1229 546 1411 589 PAns
1462 545 1774 589 DECIMA.
2464 528 2587 601 127

541 714 735 777 tionis
772 720 1042 798 vergant
1092 715 1187 796 (ut
1244 714 1335 778 sic
1383 714 1615 778 melius
1665 711 1987 777 observari
2025 712 2303 797 possint)
2352 713 2596 777 medio-

543 826 733 890 critas
765 826 1051 889 conferet
1089 827 1173 889 ad
1217 827 1644 904 durationem,
1676 836 1741 889 et
1785 825 1986 889 totius
2032 823 2316 909 corporis
2361 824 2428 887 in
2477 847 2593 888 suo

545 949 718 1002 statu
749 938 1325 1003 conservationem.

546 1049 650 1112 Ad
689 1050 968 1113 eundem
1009 1050 1206 1113 finem
1246 1049 1459 1127 saciet,
1512 1048 1869 1133 generatim
1906 1069 2149 1127 curare,
2193 1059 2269 1111 ut
2309 1069 2491 1111 amor
2531 1054 2597 1111 et

546 1160 820 1223 charitas
881 1160 1173 1223 omnium
1248 1159 1442 1223 etiam
1518 1169 1931 1223 externorum
1991 1180 2143 1244 erga
2204 1158 2594 1223 Societatem

544 1284 977 1351 conservetur,
1040 1274 1154 1336 sed
1214 1294 1434 1336 eorum
1509 1272 1891 1356 praesertim,
1954 1293 2229 1356 quorum
2289 1271 2594 1336 voluntas

464 1393 477 1406 ‘
542 1384 705 1447 bene
738 1396 850 1447 aut
880 1383 1044 1446 male
1074 1383 1142 1446 in
1173 1405 1293 1446 nos
1325 1384 1552 1446 affecta
1593 1383 1873 1446 multum
1902 1382 2099 1446 habet
2142 1381 2475 1461 momenti,
2519 1393 2594 1446 ut

543 1494 757 1557 aditus
806 1495 888 1557 ad
941 1494 1234 1557 divinum
1296 1493 1702 1578 obsequium,
1755 1505 1821 1557 et
1873 1493 2233 1557 animarum
2284 1491 2594 1556 auxilium

449 1596 454 1599 ’
544 1605 883 1690 aperiatur,
927 1605 1029 1669 vel
1064 1605 1522 1690 praecludatur.
1615 1605 1696 1667 In
1740 1605 1883 1689 ipsa
1926 1627 2075 1669 vero
2122 1603 2440 1669 Societate
2485 1625 2596 1667 nec

416 2282 495 2337 14

542 1720 628 1779 sit
655 1738 766 1780 nec
808 1719 1123 1781 sentiatur
1169 1720 1524 1780 animorum
1564 1719 1893 1800 propensio
1941 1718 2028 1779 ad
2056 1724 2312 1798 partem
2342 1718 2593 1779 'alteru-

545 1836 708 1891 tram
751 1831 1091 1911 factionis,
1145 1852 1291 1913 quae
1345 1841 1516 1892 esset
1567 1827 1858 1891 fortassis
1904 1827 2073 1891 inter
2115 1827 2446 1912 Principes
2490 1827 2594 1891 vel

544 1940 861 2003 Dominos
895 1940 1339 2019 Christianos3
1387 1941 1500 2003 sed
1533 1940 1620 2002 sit
1649 1939 1868 2024 potius
1915 1939 2177 2024 quidam
2216 1938 2592 2004 universalis

542 2072 738 2128 amor,
758 2051 870 2135 qui
899 2063 1115 2135 partes
1149 2074 1374 2114 omnes
1404 2051 1577 2133 (licet
1609 2050 1731 2114 sibi
1761 2050 2037 2115 invicem
2068 2049 2404 2114 contrariae
2429 2050 2582 2132 sint)

541 2162 607 2224 in
640 2163 926 2225 Domino
960 2174 1180 2227 nostro
1212 2164 1660 2247 amplectatur.

540 2275 585 2339 J
587 2275 794 2339 uverit
823 2275 1017 2338 etiam
1047 2277 1418 2339 moderatus
1450 2287 1515 2339 et
1554 2276 1844 2360 prudens
1887 2298 2047 2339 usus
2091 2276 2442 2360 gratiarum
2471 2298 2588 2361 per

543 2386 761 2449 sedem
777 2385 1221 2470 Apostolicam
1254 2408 1727 2465 concessarum,
1752 2386 1950 2450 solius
1981 2386 2200 2450 auxilii
2230 2387 2588 2451 animarum

445 2584 448 2587 Ι
541 2496 668 2561 fine
702 2496 1148 2582 syncerissime
1178 2497 1367 2562 nobis
1397 2497 1752 2584 proposito,
1819 2498 1926 2563 Sic
1956 2498 2129 2562 enim
2161 2497 2378 2562 divina
2405 2497 2592 2562 boni-

421 3175 495 3231 15

545 2623 642 2674 tas
683 2634 846 2696 opus
886 2614 1009 2676 hoc
1058 2613 1235 2696 quod
1279 2612 1496 2696 coepit,
1536 2611 1983 2697 promovebit3
2044 2634 2117 2675 ac
2160 2611 2372 2676 bonus
2414 2613 2592 2692 odor,

543 2722 653 2805 qui
703 2723 955 2787 veritati
1012 2722 1331 2787 bonorum
1384 2713 1653 2808 operum
1705 2723 2041 2800 innitatur,
2088 2723 2428 2786 hominum
2481 2723 2590 2787 de-

541 2833 868 2898 votionem
897 2834 1199 2919 augebit:
1254 2844 1330 2898 ut
1369 2826 1440 2898 ⁴et
1484 2857 1522 2898 a
1554 2833 1873 2899 Societate
1917 2834 2043 2919 ipsi
2077 2834 2314 2919 juvari,
2345 2846 2411 2899 et
2441 2858 2592 2901 ean-

545 2945 693 3008 dem
722 2946 807 3008 ad
833 2945 1240 3030 propositum
1272 2946 1395 3010 sibi
1425 2947 1624 3011 finem
1656 2946 1948 3031 obsequii
1993 2957 2058 3010 et
2102 2947 2322 3031 gloriae
2358 2947 2591 3013 divinae

547 3056 916 3141 Majestatis
951 3057 1178 3142 juvare
1212 3069 1458 3123 curent.

546 3167 851 3232 Conferet
894 3169 1109 3248 etiam,
1153 3171 1468 3234 rationem
1515 3170 1752 3234 habere
1800 3170 2233 3249 valetudinis3
2286 3183 2360 3235 ut
2404 3194 2480 3237 ea
2522 3172 2591 3235 in

540 3280 1033 3365 particularibus
1108 3294 1521 3347 conservetur
1549 3309 1570 3361 3
1646 3284 2192 3366 quemadmodum
2262 3285 2451 3348 tertia
2522 3285 2591 3349 in

541 3404 723 3476 parte
756 3393 1002 3456 dictum
1033 3401 1170 3473 est3
1219 3405 1283 3457 et
1312 3404 1388 3457 ut
1419 3394 1682 3457 demum
1713 3407 1945 3457 omnes
1968 3393 2398 3459 observationi
2416 3395 2589 3459 Con-

547 3504 957 3569 stitutionum
1005 3506 1351 3584 studeant3
1420 3505 1502 3568 ad
1562 3525 1757 3590 quam
1807 3506 2064 3569 easdem
2126 3504 2308 3586 scire,
2362 3506 2589 3571 saltem

547 3637 692 3699 quae
723 3616 806 3678 ad
835 3616 1185 3701 quemlibet
1214 3615 1564 3702 pertinent,
1596 3639 1855 3681 necesse
1887 3629 2006 3682 est.
2098 3618 2316 3685 Quare
2356 3617 2589 3704 legere,

541 3728 644 3791 vel
674 3727 892 3791 audire
924 3729 1180 3792 easdem
1213 3728 1483 3814 singulis
1514 3729 1848 3795 mensibus
1879 3728 2223 3815 oportebit.

544 3939 793 4004 Octavo
826 3939 929 4002 die
962 3909 1361 4024 Septembris
1397 3948 1588 4035 1558,
1619 3940 1881 4004 nomine
1914 3938 2303 4004 sanctissimi
2320 3939 2591 4007 Domini

547 4049 757 4114 nostri
788 4051 972 4114 Pauli
1005 4051 1197 4136 Papae
1243 4051 1454 4136 quarti
1500 4050 1817 4115 allocutus
1862 4062 1961 4116 est
1992 4050 2588 4116 Reverendissimus

541 4162 902 4227 Cardinalis
952 4163 1421 4248 Neapolitanus
1471 4132 1607 4228 eos·
1630 4186 1875 4244 omnes,
1925 4164 2037 4249 qui
2087 4163 2590 4252 Congregationi
