3146 5014
1232 509 1415 551 PARS
1466 508 1789 556 QUARTA.
2508 498 2589 554 33

540 674 789 738 bonum
832 673 1367 753 fundamentum3
1436 675 1515 738 de
1563 677 1923 739 litterarum
1967 675 2240 739 aedificio
2286 687 2350 739 et
2398 678 2593 740 modo

542 787 635 850 eis
681 785 907 850 utendi
951 787 1276 872 agendum
1321 787 1484 866 erit3
1530 789 1662 872 quo
1696 788 1923 873 juvare
1961 787 2217 873 possint
2261 788 2345 851 ad
2388 789 2594 874 magis

546 898 1069 984 cognoscendum
1117 898 1451 984 magisque
1507 899 1917 964 serviendum
1970 900 2115 964 Deo
2177 899 2470 964 Creatori
2522 921 2597 964 ac

547 1009 833 1073 Domino
881 1020 1124 1074 nostro.
1214 1009 1322 1073 Ad
1359 1010 1485 1074 hoc
1525 1010 1836 1096 Collegia,
1889 1022 1955 1074 et
2008 1010 2355 1095 aliquando
2400 1011 2596 1076 etiam

550 1119 1044 1198 Universitates,
1074 1120 1177 1184 vel
1209 1120 1441 1184 Studia
1469 1121 1794 1207 generalia
1825 1121 2111 1186 Societas
2144 1122 2596 1207 amplectitur3

543 1233 612 1295 in
658 1232 897 1316 quibus
939 1232 1053 1317 qui
1099 1232 1345 1297 bonum
1394 1234 1496 1299 sui
1537 1235 1866 1320 specimen
1905 1236 1975 1300 in
2012 1236 2313 1301 domibus
2360 1236 2595 1322 proba-

546 1343 800 1407 tionum
850 1343 1294 1428 praebuerunt,
1353 1367 1474 1409 nec
1533 1356 1753 1410 tamen
1814 1347 2108 1411 doctrina
2166 1348 2249 1411 ad
2300 1358 2598 1412 nostrum

543 1455 920 1518 institutum
969 1455 1328 1519 necessaria
1381 1456 1536 1520 satis
1581 1456 1889 1521 instructi
1932 1470 2363 1539 accesserunt,
2408 1459 2477 1522 in
2523 1481 2600 1522 ea

549 1577 612 1629 et
658 1565 727 1628 in
777 1564 920 1628 aliis
967 1565 1183 1644 rebus,
1237 1587 1382 1650 quae
1431 1568 1513 1630 ad
1568 1567 1892 1653 juvandas
1941 1571 2189 1634 animas
2237 1570 2601 1649 conferunt,

548 1678 970 1741 instruantur.
1052 1678 1240 1741 Prius
1270 1701 1421 1764 ergo
1454 1679 1533 1743 de
1563 1680 1665 1759 iis,
1689 1702 1836 1764 quae
1866 1681 1950 1744 ad
1973 1682 2298 1766 Collegia3
2343 1682 2599 1745 Deinde

553 1789 632 1852 de
661 1789 761 1868 iis,
802 1810 948 1872 quae
994 1788 1078 1851 ad
1124 1789 1357 1853 Studia
1400 1790 1724 1875 generalia
1764 1792 2117 1876 pertinent,
2149 1792 2420 1870 dicetur,
2450 1814 2599 1855 cum

552 1923 626 1965 eo
646 1902 893 1979 favore,
940 1923 1135 1985 quem
1176 1900 1396 1966 divina
1441 1901 1773 1988 Sapientia
1832 1904 1915 1967 ad
1974 1903 2281 1989 majorem
2329 1903 2598 1989 gloriam

548 2013 934 2098 laudemque
966 2035 1151 2078 suam
1183 2013 1370 2078 nobis
1402 2014 1553 2079 dare
1586 2014 1981 2100 dignabitur.

566 2333 660 2375 DE
695 2333 1051 2376 MEMORIA
1086 2334 1448 2378 HABENDA
1484 2336 2024 2393 FUNDATORUM,
2059 2337 2148 2379 ET
2183 2299 2379 2379 BENE:
2416 2335 2510 2377 DE

1060 2446 1449 2490 COLLEGIIS
1483 2447 1962 2492 MERITORUM.

1362 2551 1558 2616 CAP.
1608 2553 1662 2615 1.

747 2672 1133 2738 UONIAM
1180 2674 1250 2737 id
1289 2674 1566 2738 maxime
1605 2674 1838 2739 rationi
1878 2683 2391 2738 consentaneum
2427 2671 2605 2736 vide-

745 2796 874 2863 tur,
903 2796 1000 2865 ut,
1032 2798 1350 2870 quantum
1380 2787 1449 2849 in
1479 2786 1669 2850 nobis
1702 2786 1900 2851 situm
1945 2786 2050 2865 sit,
2081 2809 2303 2850 eorum
2336 2808 2375 2849 a
2417 2786 2605 2849 nobis

747 2898 976 2983 pietati
1020 2920 1094 2961 ac
1138 2898 1584 2962 beneficentiae
1624 2899 1915 2979 satisfiat,
1947 2898 2185 2983 quibus
2230 2898 2450 2962 divina
2490 2897 2608 2962 bo-

557 3008 724 3072 nitas
770 3010 853 3072 ad
892 3010 1342 3073 fundationem
1383 3032 1457 3074 ac
1494 3010 1892 3074 dotationem
1925 3010 2363 3096 collegiorum
2400 3007 2609 3072 utitur

558 3118 991 3182 administris:
1059 3119 1349 3183 Primum
1388 3120 1456 3183 in
1506 3120 1736 3203 quovis
1783 3130 2022 3184 nostrae
2070 3118 2409 3183 Societatis
2456 3118 2608 3182 Col-

556 3230 724 3314 legio
753 3230 1069 3314 perpetuo
1115 3229 1386 3316 singulis
1431 3230 1947 3294 hebdomadibus
1980 3231 2208 3294 Missae
2248 3230 2446 3294 semel
2489 3251 2608 3313 pro

559 3340 698 3426 ejus
731 3341 1098 3405 Fundatore
1141 3352 1206 3404 et
1248 3341 1768 3405 benefactoribus
1812 3340 1974 3405 vivis
2019 3352 2084 3403 et
2128 3340 2400 3403 mortuis
2447 3339 2609 3402 cele-

560 3451 850 3516 brentur.

478 3570 516 3624 2
566 3561 762 3626 Initio
807 3563 965 3626 item
1013 3563 1328 3648 cujusque
1380 3560 1623 3625 mensis
1676 3582 1901 3625 omnes
1950 3561 2335 3639 sacerdotes,
2383 3558 2496 3643 qui
2542 3558 2611 3622 in

565 3672 852 3759 Collegio
903 3674 1164 3753 fuerint,
1211 3695 1330 3758 pro
1383 3672 1627 3737 eisdem
1680 3674 1879 3737 semel
1924 3673 2148 3737 offerre
2200 3672 2373 3735 idem
2421 3670 2614 3733 sacri-

562 3786 784 3850 ficium
813 3787 1129 3871 perpetuo
1162 3786 1423 3851 debent.
1514 3786 1802 3871 Singulis
1843 3786 2110 3870 insuper
2154 3783 2341 3847 annis
2381 3803 2457 3845 eo
2488 3781 2614 3860 die,

562 3919 689 3981 quo
742 3897 1016 3981 Collegii
1076 3896 1391 3982 cujusque
1449 3896 1772 3982 possessio
1834 3894 2140 3960 Societati
2199 3891 2437 3956 tradita
2494 3902 2616 3972 est,

563 4031 711 4071 cum
763 4009 1147 4073 solennitate
1190 4007 1402 4071 Missa
1444 4029 1562 4092 pro
1611 4007 1951 4071 fundatore
2000 4017 2065 4070 et
2097 4003 2616 4069 benefactoribus

561 4120 959 4184 celebretur:
1007 4131 1072 4184 et
1101 4119 1175 4184 id·
1200 4118 1512 4205 temporis
1541 4119 1610 4181 in
1643 4119 1871 4183 eodem
1905 4117 2194 4203 Collegio
2240 4116 2614 4200 quicunque

471 2681 500 2735 pa

561 4234 925 4297 sacerdotes
958 4233 1302 4312 adfuerint,
1335 4232 1562 4296 eodem
1597 4253 1714 4296 sua
1742 4232 2019 4296 referent
2052 4229 2381 4295 sacrificia.
