3146 5014
598 1492 996 1541 constitutiones
1029 1489 1174 1539 scribi
1211 1491 1363 1552 jussit
1394 1486 1556 1540 Julius
1602 1492 1848 1549 Pontifex,
1887 1491 2026 1539 Pauli
2061 1500 2330 1539 successor.
2397 1487 2461 1536 Et
2493 1488 2717 1550 Ignatius

529 1599 616 1646 diu
649 1603 800 1660 atque
835 1597 1074 1646 meditato
1105 1597 1351 1646 incubuit.
1419 1599 1599 1647 Divina
1631 1612 1834 1660 quoque
1865 1598 2058 1647 lumina
2088 1598 2220 1646 inter
2258 1600 2715 1654 commentandum,

526 1703 766 1763 lacrymas
810 1704 942 1750 inter
986 1703 1301 1750 scribendum
1347 1705 1599 1762 expertus.
1667 1702 1802 1756 Quin
1848 1706 1900 1749 et
1946 1702 2249 1762 christipara
2303 1704 2365 1750 ad
2409 1703 2715 1750 edocendum

530 1790 733 1868 quoque
756 1806 995 1866 Magistra
1022 1805 1678 1854 descendit.—Caeterum
1714 1805 2114 1853 Constitutiones
2141 1803 2374 1864 ,iudicatae
2397 1808 2517 1851 sunt
2539 1803 2716 1863 spiritu

530 1910 624 1958 Dei
679 1911 822 1959 lenae.

646 1924 678 1970 p
880 1997 1114 2043 Damiani
1134 1997 1359 2057 synopsis
1382 1997 1534 2056 primi
1555 1997 1735 2044 Saeculi
1756 1997 2007 2045 Societatis
2025 1998 2152 2045 Iesu.
2221 1998 2262 2044 Ι.
2286 1998 2390 2044 Lib.
2464 1998 2581 2057 Gap.
2611 1998 2716 2045 VII.

596 2183 728 2194 —
749 2172 812 2206 ex
856 2159 1128 2219 Hispanico
1171 2160 1226 2206 in
1282 2160 1515 2207 Latinum
1570 2162 1790 2207 verterat
1836 2160 2118 2215 Polancus;
2175 2159 2325 2220 Typis
2371 2160 2720 2221 Calcographis

531 2264 751 2311 ediderat
772 2262 947 2313 Rornae
971 2263 1265 2323 Collegium,
1295 2266 1438 2311 1558.

1888 2330 2033 2376 Dam.
2057 2330 2176 2390 Syn.
2245 2330 2312 2376 ΙΙ.
2334 2329 2440 2376 Lib.
2511 2329 2627 2388 Gap.
2651 2329 2716 2376 X.

593 2526 725 2537 —
745 2502 1016 2562 Praeposito
1037 2501 1341 2550 Assistentes
1375 2506 1608 2564 quatuor,
1640 2502 1885 2559 Natalem,
1912 2501 2257 2559 Consalvium,
2295 2496 2583 2559 Polaticum,
2608 2501 2716 2550 Ma-

534 2605 750 2653 dridium
781 2601 1100 2666 (assignatos)

525 2714 590 2759 Et
612 2712 826 2760 Polanco
848 2712 1055 2771 insuper
1075 2711 1419 2759 Admonitoris
1455 2713 1643 2760 munus
1675 2711 1706 2758 a
1739 2711 1984 2768 Patribus,
2010 2710 2271 2759 Secretarii
2305 2713 2358 2757 et
2377 2709 2719 2758 Procuratoris

515 2815 788 2864 Generalis
809 2815 840 2864 δ,
862 2815 1137 2876 Praeposito
1160 2816 1404 2865 additum.

1880 2881 2027 2928 Dam.
2052 2882 2172 2942 Syn.
2238 2883 2306 2930 ΙΙ.
2329 2883 2433 2929 Lib.
2505 2883 2621 2942 Gap.
2650 2882 2717 2929 II.

596 3043 1002 3094 1577—Joannes
1025 3046 1269 3094 Polancus
1290 3047 1868 3095 occubuit—libellorum
1890 3046 2028 3093 utilis
2051 3046 2289 3107 scriptor.

1824 3149 1969 3198 Dam.
1993 3152 2112 3211 Syn,
2182 3149 2265 3197 IV.
2291 3151 2395 3198 Lib.
2467 3150 2583 3208 Cap.
2613 3149 2716 3196 VII.

1040 4333 1267 4369 PRINTED
1296 4334 1361 4368 ΒΥ
1390 4332 1596 4368 ROBERT
1624 4333 1750 4367 BEST
1780 4333 1900 4374 EDE,
1930 4331 2186 4366 DORKINGa
