3146 5014
1243 511 1426 554 PARs
1477 511 1801 558 QUAM-A.
2495 498 2576 553 55

433 692 479 747 4
528 681 903 759 Medicinae,
961 689 1028 743 et
1089 679 1343 764 Legum
1405 679 1710 742 studium
1756 688 1831 740 ut
1892 699 1931 740 a
1981 687 2202 740 nostro
2266 675 2579 740 Instituto

527 793 732 878 magis
788 800 1109 855 remotum
1160 790 1229 853 in
1292 789 1844 854 Universitatibus
1907 786 2246 852 Societatis
2297 786 2400 850 vel
2447 808 2580 850 non

526 902 910 968 tractabitur
919 927 939 981 3
983 900 1087 966 vel
1116 900 1345 964 saltem
1373 900 1518 985 ipsa
1541 899 1827 963 Societas
1859 920 1976 982 per
2005 920 2074 962 se
2104 898 2174 960 id
2203 896 2415 961 oneris
2447 918 2579 960 non

526 1013 859 1099 suscipiet.

488 1306 582 1347 DE
617 1303 823 1348 MODO
859 1305 948 1347 ET
983 1303 1264 1347 ORDINE
1300 1302 1726 1347 PRAEDIGTAS
1763 1303 2233 1348 FACULTATES
2266 1302 2490 1346 'PRAO-

1363 1414 1618 1458 TANDI.

1267 1529 1462 1594 CAP.
1508 1529 1712 1593 XIII.

447 1672 476 1726 l
532 1664 642 1727 AD
690 1664 1024 1727 tractanda
1080 1671 1216 1727 tam
1267 1664 1650 1728 facultatum
1709 1664 2106 1741 inferiorum,
2166 1664 2360 1746 quam
2406 1663 2576 1725 The-

532 1775 761 1860 ologiae
811 1775 1022 1839 studia
1074 1775 1412 1860 dispositio
1462 1787 1529 1840 et
1570 1776 1728 1840 ordo
1765 1774 2154 1840 conveniens
2191 1785 2326 1838 tam
2365 1795 2576 1853 mane,

530 1887 720 1970 quam
753 1886 1003 1972 vesperi
1034 1887 1387 1950 servandus
1419 1899 1537 1951 est.

439 2006 481 2060 2
529 1999 620 2061 Et
667 1998 939 2081 quanvis
986 2019 1105 2083 pro
1152 1997 1513 2082 regionum,
1566 2009 1632 2061 et
1684 2009 2049 2081 temporum
2096 1997 2463 2062 diversitate
2507 1998 2575 2060 in

529 2109 774 2189 ordine,
805 2121 869 2172 et
901 2109 1162 2172 statutis
1193 2109 1368 2172 horis
1400 2110 1618 2173 studio
1648 2108 2009 2172 tribuendis
2054 2109 2263 2193 possit
2305 2108 2577 2172 varietas

529 2219 815 2283 accidere
839 2244 859 2298 3
899 2241 1123 2282 omnes
1155 2230 1372 2282 tamen
1403 2219 1472 2282 in
1504 2241 1580 2283 eo
1611 2219 2021 2298 conveniant,
2052 2226 2127 2282 ut
2170 2219 2411 2302 ubique
2442 2220 2578 2298 fiat,

530 2331 706 2415 quod
744 2330 907 2393 inibi
953 2329 1161 2415 magis
1214 2330 1513 2414 expedire
1563 2331 1647 2394 ad
1693 2330 2002 2414 majorem
2044 2330 2112 2394 in
2156 2329 2388 2393 litteris
2428 2352 2579 2414 pro-

528 2442 770 2506 fectum
801 2441 1293 2505 existimabitur.

440 2561 481 2617 3
530 2554 671 2617 Nec
702 2553 913 2616 solum
943 2552 1251 2616 lectiones
1283 2553 1436 2631 sint,
1468 2574 1613 2636 quae
1643 2552 1901 2636 publice
1941 2552 2417 2636 praelegant11r3
2466 2554 2581 2614 sed

531 2663 834 2748 Magistri
863 2662 1057 2726 etiam
1088 2662 1323 2726 diversi
1365 2684 1485 2747 pro
1531 2671 1726 2746 captu
1772 2669 1838 2724 et
1876 2682 2147 2724 numero
2178 2660 2578 2724 audientium

529 2774 1057 2838 constituantur:
1133 2773 1245 2856 qui
1311 2772 1573 2856 quidem
1646 2772 2011 2856 profectum
2072 2771 2579 2856 uniuscujusque

529 2907 608 2948 ex
656 2884 788 2947 suis
839 2883 1251 2947 Scholasticis
1300 2883 1634 2967 speciatim
1693 2890 2064 2968 procurent,
2116 2894 2181 2946 ct
2227 2884 2578 2947 lectionum

529 2994 843 3058 rationem
903 2994 1213 3079 exigant3
1285 3000 1486 3077 utque
1561 3015 1655 3056 eae
1714 3004 2122 3077 reputantur,
2182 3006 2247 3057 ct
2308 2995 2581 3058 studiosi

528 3104 888 3169 litterarum
928 3103 1386 3167 humaniorum
1430 3104 1808 3167 familiarem
1852 3126 2214 3168 sermonem
2258 3105 2457 3168 latine
2486 3106 2582 3168 lo-

531 3217 811 3300 quendo,
850 3225 926 3279 ut
970 3215 1213 3300 stylum
1260 3214 1599 3279 scribendo
1642 3237 1715 3278 ac
1762 3215 2362 3299 pronunciationem
2406 3239 2583 3281 com-

528 3328 742 3413 posita
799 3327 964 3391 bene
1024 3326 1517 3412 pronunciando
1579 3325 1930 3410 expoliant,
1975 3337 2255 3403 curent3
2331 3339 2396 3389 et
2456 3327 2581 3405 his,

533 3461 608 3504 ac
638 3439 844 3503 multo
873 3438 1081 3524 magis
1111 3439 1493 3501 facultatum
1525 3436 1929 3522 superiorum
1976 3437 2281 3501 studiosis
2327 3438 2581 3502 crebras

532 3548 1003 3634 disputationes
1032 3549 1373 3634 imponant
1396 3573 1416 3628 3
1462 3547 1701 3632 quibus
1733 3548 1871 3612 dies
1902 3560 1968 3612 et
1998 3549 2175 3614 horae
2206 3557 2397 3613 certae
2429 3573 2582 3614 con-

529 3661 906 3741 stituantur,
964 3661 1080 3725 ubi
1140 3683 1273 3724 non
1335 3659 1543 3723 solum
1606 3683 1756 3724 cum
1817 3661 2298 3746 condiscipuIiS,
2357 3686 2581 3726 verum

529 3772 724 3857 paulo
769 3771 1101 3836 inferiores
1147 3792 1298 3834 cum
1343 3771 1673 3854 aliquanto
1702 3771 2214 3855 provectioribus
2245 3772 2580 3857 disputent

528 3882 599 3946 in
649 3883 751 3962 iis,
804 3905 950 3967 quae
1003 3882 1129 3967 ipsi
1178 3881 1483 3966 capiunt3
1546 3882 1725 3965 quod
1772 3881 1967 3945 etiam
2019 3882 2157 3946 vice
2205 3906 2389 3947 versa
2433 3907 2582 3969 pro-

527 3992 837 4056 vectiores
883 4015 1035 4055 cum
1080 3991 1297 4054 minus
1341 3991 1685 4075 provectiS,
1718 3993 1801 4056 ad
1845 4016 1940 4077 ea,
1981 4017 2125 4078 quae
2156 3994 2249 4057 illi
2279 4006 2583 4078 tractant,

527 4103 1005 4181 descendendo,
1051 4113 1115 4165 et
1151 4103 1587 4186 Praeceptores
1618 4102 1726 4167 alii
1771 4126 1918 4167 cum
1967 4106 2106 4169 aliis
2150 4109 2578 4190 praestabunt,

528 4236 803 4299 semper,
846 4235 977 4298 qua
1029 4213 1236 4292 decet,
1287 4212 1606 4277 modestia
1653 4215 2008 4293 observata,
2054 4227 2119 4279 et
2165 4217 2377 4302 aliquo
2417 4243 2584 4305 prae-

1439 4346 1480 4387 E
1515 4332 1553 4387 2
