3146 5014
478 518 555 575 16

1227 530 1878 573 CONSTITUTIONUM

599 693 903 779 pertinet,
970 694 1229 777 quando
1299 694 1367 757 in
1430 693 2018 779 Congregationem
2087 693 2450 778 generalem
2504 715 2656 757 con-

598 805 885 870 veniret:
951 805 1200 869 Eadem
1252 806 1372 869 erit
1433 828 1631 890 penes
1689 805 2118 890 Praepositum
2171 806 2537 890 generalem
2587 806 2655 868 in

600 917 924 996 omnibus,
966 928 1397 1001 praeterquam
1448 918 1502 980 si
1549 918 1710 1002 quid
1761 918 1845 980 ad
1883 917 2088 1002 ipsius
2127 938 2472 1001 personam
2512 939 2656 1001 per-

600 1027 856 1091 tineret.
949 1028 1154 1092 Penes
1190 1028 1470 1111 reliquos
1508 1051 1588 1091 ex
1635 1027 1953 1092 Societate
2000 1039 2256 1090 tantum
2301 1027 2422 1091 erit
2460 1026 2656 1111 hujus

599 1139 947 1217 facultatis,
992 1150 1311 1223 quantum
1356 1139 1447 1203 eis
1485 1161 1523 1202 a
1576 1140 1785 1223 capite
1830 1138 2137 1203 collatum
2181 1139 2394 1202 fuerit.
2487 1140 2657 1202 Prae-

598 1251 827 1335 positis
865 1263 1083 1315 tamen
1136 1251 1646 1315 Provincialibus
1699 1252 1980 1336 amplam
2029 1252 2182 1314 satis
2233 1252 2507 1315 conferri
2547 1274 2657 1314 ex-

600 1362 839 1445 pediet,
871 1384 943 1425 ac
977 1362 1193 1426 debita
1222 1363 1639 1446 proportione
1672 1363 1865 1425 etiam
1892 1362 2262 1446 Praepositis
2288 1362 2656 1439 Localibus,

599 1487 663 1535 et
711 1473 1096 1536 Rectoribus
1140 1473 1599 1557 Collegiorum,
1654 1474 1891 1558 quibus
1939 1472 2263 1537 videbitur
2314 1494 2451 1535 esse
2500 1494 2656 1535 con-

594 1584 894 1663 ferenda3
955 1597 1029 1647 ut
1078 1607 1153 1648 eo
1206 1584 1436 1648 melius
1485 1586 1553 1647 in
1607 1597 1745 1648 toto
1790 1585 2127 1650 Societatis
2191 1606 2454 1667 corpore
2511 1584 2654 1646 sub-

597 1696 907 1758 ordinatio
951 1703 1180 1759 sanctoe
1232 1697 1603 1759 Obedientioe
1649 1708 1957 1775 servetur,
1987 1718 2116 1780 quo
2157 1694 2389 1759 clarius
2419 1694 2655 1757 intelli-

595 1818 752 1889 gent
782 1807 1112 1870 inferiores
1145 1830 1212 1870 se
1244 1830 1281 1870 a
1312 1809 1446 1871 suis
1465 1808 1835 1871 immediate
1863 1807 2318 1891 Superioribus
2350 1804 2653 1890 pendere,

595 1928 661 1979 et
691 1918 867 1999 quod
897 1918 1236 1980 conveniat
1271 1918 1647 2000 plurimum,
1678 1918 1808 1979 imo
1842 1939 2101 1980 necesse
2134 1917 2218 1979 sit
2248 1918 2317 1978 in
2349 1911 2654 1981 omnibus

596 2014 687 2088 eis'
719 2026 981 2090 subesse
1011 2039 1278 2111 propter
1310 2027 1646 2090 Christum
1678 2026 2039 2089 Dominum
2072 2037 2389 2090 nostrum.

793 2349 886 2390 DE
923 2349 1200 2407 CAUSIS,
1236 2349 1569 2391 PROPTER
1606 2350 1794 2395 QUAS
1829 2349 2122 2392 DIMITTI
2159 2350 2321 2391 ALI-

1213 2461 1419 2507 QUEM
1456 2459 1906 2504 CONVENIAT.

1387 2566 1582 2631 CAP.
1634 2568 1724 2632 ΙΙ.
1815 2611 1819 2615 -

596 2689 885 2754 CAUSAs
936 2711 1064 2768 eaS,
1119 2712 1264 2774 quae
1318 2692 1401 2753 ad
1460 2692 1739 2775 aliquem
1794 2692 2255 2757 dimittendum
2305 2692 2648 2771 sufficiant,

591 2801 946 2885 ponderare
992 2822 1206 2863 coram
1245 2802 1530 2865 Domino
1576 2803 1836 2866 debebit
1879 2804 2167 2887 prudens
2213 2803 2490 2866 charitas
2524 2804 2647 2868 Su-

592 2912 882 2996 perioris,
927 2912 1038 2996 qui
1082 2912 1455 2997 hujusmodi
1497 2915 1871 2979 facultatem
1911 2916 2247 2994 habuerit3
2294 2917 2407 2979 sed
2451 2938 2646 3000 gene-

590 3023 780 3086 ratim
809 3022 1154 3106 loquendo,
1185 3035 1461 3108 quatuor
1490 3048 1713 3089 eorum
1744 3049 1980 3111 genera
2008 3028 2141 3090 fore
2171 3026 2493 3090 videntur.

596 3132 908 3212 Primum,
961 3134 1016 3197 si
1067 3134 1136 3196 in
1187 3136 1473 3200 Domino
1522 3137 1946 3222 judicaretur,
2001 3147 2226 3200 contra
2276 3136 2481 3220 ipsius
2529 3138 2649 3200 ho-

593 3267 817 3309 norem
846 3256 912 3309 et
941 3246 1210 3330 gloriam
1239 3248 1395 3328 fore,
1427 3250 1606 3333 quod
1635 3251 1689 3313 is
1721 3250 1788 3311 in
1819 3251 1940 3312 hac
1973 3249 2289 3312 Societate
2335 3261 2646 3328 maneret,

594 3356 706 3441 qui
751 3356 1044 3422 videatur
1089 3358 1159 3422 in
1211 3359 1599 3443 quibusdam
1646 3359 1860 3443 pravis
1910 3359 2245 3422 affectibus
2295 3370 2407 3423 aut
2449 3359 2644 3438 vitiis,

593 3491 738 3552 quae
779 3469 1062 3534 divinam
1108 3471 1447 3535 offendunt
1489 3470 1925 3555 Majestatem,
1964 3470 2195 3555 corrigi
2239 3492 2372 3534 non
2415 3493 2644 3555 posse3

591 3602 736 3663 quae
768 3603 843 3644 eo
874 3581 1088 3645 minus
1133 3582 1384 3646 tolerari
1425 3583 1754 3661 deberent,
1800 3605 1930 3666 quo
1971 3583 2261 3668 graviora
2291 3595 2531 3662 essent,
2577 3595 2642 3646 et

592 3692 740 3776 plus
794 3693 1001 3776 culpae
1053 3695 1401 3771 haberent3
1467 3693 1619 3757 licet
1680 3694 1818 3757 aliis
1879 3695 2133 3759 nullum
2183 3696 2644 3759 offendiculum

598 3805 798 3887 (quod
827 3804 1168 3870 manifesta
1197 3829 1329 3870 non
1360 3806 1598 3888 essent)
1634 3807 2020 3891 praeberent.

595 3916 892 3982 Alterum
945 3928 1065 3996 est,
1115 3917 1170 3981 si
1217 3918 1690 3982 existimaretur
1733 3918 1803 3982 in
1856 3917 2165 3996 Domin0,
2214 3917 2494 4001 aliquem
2545 3940 2643 3981 re-

594 4027 819 4106 tinere,
860 4039 1085 4093 contra
1117 4028 1454 4092 Societatis
1493 4030 1742 4093 bonum
1785 4029 1942 4107 fore,
1983 4029 2159 4113 quod
2199 4028 2348 4092 cum
2389 4029 2644 4092 univer-

594 4137 722 4200 sale
755 4138 860 4216 sit,
889 4140 1067 4202 haud
1096 4138 1289 4201 dubie
1319 4138 1492 4203 bono
1523 4139 1896 4224 particulari
1931 4138 2202 4224 alicujus
2246 4140 2532 4225 praeferri
2563 4139 2644 4202 ab

594 4271 668 4312 eo
701 4249 913 4328 debet,
945 4250 1058 4333 qui
1088 4272 1352 4334 syncere
1384 4251 1678 4316 divinum
1723 4251 2105 4334 obsequium
2151 4251 2401 4335 quaerit.
2489 4251 2644 4312 Tale
