3146 5014
1332 529 1514 572 PARs
1564 530 1817 572 SEXTA.
2581 518 2658 590 73

697 751 792 793 DE
829 752 948 809 IIS,
982 752 1145 799 QUAE
1182 754 1281 796 AD
1317 755 1898 814 PAUPERTATEM,
1933 756 2252 803 QUAEQUE
2289 757 2445 798 EAM

789 833 796 837 ’
1019 863 1641 924 CONSEQUUNTUR,
1676 835 2122 909 PER'rmENT.

1401 980 1597 1045 CAP.
1647 982 1739 1045 ΙΙ.

525 1117 555 1171 l
609 1111 1076 1191 PAUPERTAS,
1105 1125 1181 1177 ut
1210 1136 1435 1178 murus
1468 1116 1825 1200 Religionis
1871 1116 2301 1195 firmissimus,
2333 1116 2661 1201 diligenda

603 1231 667 1283 et
717 1221 788 1283 in
849 1243 966 1285 sua
1023 1223 1305 1307 puritate
1366 1228 1807 1290 conservanda
1865 1238 1965 1290 est
1983 1253 2003 1306 3
2066 1238 2384 1311 quantum
2438 1228 2657 1291 divina

601 1333 808 1417 gratia
837 1332 1159 1419 aspirante
1191 1337 1330 1400 fieri
1374 1338 1635 1422 poterit.
1725 1340 1816 1402 Et
1860 1339 2012 1423 quia
2055 1341 2358 1402 humanae
2405 1351 2653 1403 naturae

601 1445 806 1510 hostis
837 1447 920 1509 ad
949 1447 1073 1510 hoc
1112 1450 1678 1534 propugnaculum
1710 1472 1783 1513 ac
1812 1451 2136 1534 refugium
2182 1451 2653 1514 debilitandum

605 1555 804 1638 (quod
834 1556 1018 1620 Deus
1050 1558 1375 1622 Dominus
1406 1572 1628 1624 noster
1658 1561 2105 1644 Religionibus
2133 1560 2470 1644 inspiravit
2498 1583 2652 1625 con-

599 1677 697 1729 tra
753 1667 959 1746 illum,
1019 1669 1309 1754 aliosque
1364 1671 1707 1756 Religiosae
1761 1672 2173 1755 perfectionis
2227 1672 2644 1755 adversarios)

596 1779 753 1842 eniti
786 1781 948 1844 solet
978 1803 1073 1860 ea,
1105 1804 1249 1865 quae
1280 1804 1319 1846 a
1347 1783 1577 1867 primis
1613 1783 2095 1847 Fundatoribus
2139 1784 2306 1847 bene
2352 1785 2649 1851 ordinata

595 1891 872 1971 fuerant,
901 1893 1244 1957 immutare
1274 1916 1392 1978 per
1427 1894 1916 1974 declarationes„
1943 1895 2046 1958 vel
2076 1916 2274 1958 novas
2309 1894 2647 1959 Constitu-

596 2000 804 2065 tiones
843 2003 1054 2087 primo
1098 2004 1356 2066 illorum
1404 2005 1660 2089 spiritui
1705 2005 1971 2068 minime
2017 2016 2523 2069 consentaneas=
2570 2018 2646 2070 ut

593 2112 769 2194 quod
813 2112 883 2174 in
913 2112 1101 2176 nobis
1162 2114 1359 2177 situm
1420 2115 1636 2193 fuerit,
1694 2116 1817 2179 hac
1884 2127 2067 2199 parte
2130 2115 2435 2179 Societati
2496 2138 2643 2200 pro-

592 2223 979 2307 spiciamus;
1037 2223 1429 2309 Quicunque
1459 2227 1527 2288 in
1559 2249 1636 2292 ea
1677 2227 2145 2310 professionem
2190 2227 2542 2306 emiserint,
2574 2249 2641 2290 se

591 2339 673 2401 ad
700 2338 1182 2402 innovationem
1216 2339 1776 2404 Constitutionum
1821 2341 1891 2403 in
1920 2340 2021 2419 iis,
2053 2363 2197 2424 quae
2242 2342 2326 2404 ad
2358 2341 2641 2425 Pauper-

590 2455 790 2512 tatem
836 2449 1186 2534 pertinent,
1237 2450 1402 2514 nihil
1451 2450 1734 2515 facturos
1785 2450 2192 2536 promittant,
2240 2450 2367 2514 nisi
2425 2451 2639 2535 aliquo

588 2562 782 2624 modo
824 2584 943 2645 pro
987 2569 1203 2625 rerum
1248 2562 1724 2626 occurrentium
1768 2562 2016 2625 ratione
2062 2583 2202 2624 eam
2241 2561 2308 2623 in
2351 2562 2637 2625 Domino

588 2671 792 2756 magis
821 2672 1338 2756 restringendam
1371 2672 1765 2757 judicarent.

503 2790 541 2844 2
590 2783 666 2846 In
701 2783 1023 2862 domibuS,
1067 2785 1171 2847 vel
1212 2784 1520 2863 ecclesiis,
1564 2805 1711 2867 quae
1758 2805 1796 2846 a
1840 2784 2157 2848 Societate
2203 2783 2286 2846 ad
2325 2783 2635 2845 auxilium

588 2895 944 2958 animarum
976 2895 1431 2973 admittuntur,
1460 2895 1752 2959 redditus
1797 2895 1982 2974 nulli,
2012 2918 2094 2959 ne
2141 2894 2446 2959 sacristiae
2491 2894 2635 2978 qui-

588 3005 755 3083 dem,
774 3016 887 3068 aut
915 3005 1172 3068 fabricae
1204 3005 1509 3089 applicati
1537 3005 1760 3068 haberi
1789 3005 2080 3089 possintz
2129 3005 2244 3068 sed
2273 3026 2483 3089 neque
2502 3003 2637 3067 ulla

586 3115 708 3178 alia
736 3115 981 3178 ratione
1011 3115 1123 3192 ita,
1153 3126 1229 3178 ut
1258 3137 1458 3199 penes
1491 3115 1879 3179 Societatem
1925 3136 2148 3179 eorum
2195 3115 2279 3178 sit
2322 3114 2455 3177 ulla
2499 3114 2633 3176 dis-

584 3225 913 3308 pensatio:
979 3225 1093 3287 sed
1142 3224 1212 3287 in
1261 3224 1397 3288 solo
1449 3226 1616 3304 De0,
1669 3225 1775 3288 cui
1820 3247 1937 3310 per
1981 3224 2186 3308 ipsius
2234 3224 2507 3307 gratiam
2556 3244 2632 3285 ea

585 3335 869 3413 inservit,
887 3335 1126 3398 fiducia
1154 3335 1628 3409 constituatur;
1673 3334 1786 3418 qui
1816 3333 2079 3417 quidem
2110 3333 2247 3396 sine
2265 3332 2627 3396 redditibus

585 3446 733 3508 ullis
762 3446 840 3509 de
870 3447 1063 3510 rebus
1093 3446 1395 3511 omnibus
1426 3444 1958 3509 convenientibus
1978 3445 2061 3507 ad
2088 3444 2295 3529 ipsius
2317 3442 2625 3527 majorem

583 3555 837 3619 laudem
868 3568 932 3620 et
961 3556 1231 3640 gloriam
1261 3556 1449 3619 nobis
1477 3554 1848 3639 prospiciet.
2529 3563 2532 3566 ’

494 3674 534 3729 3
584 3667 859 3731 Professi
887 3667 1108 3731 vivant
1137 3689 1218 3730 ex
1254 3665 1698 3750 eleemosyniS,
1727 3666 1797 3728 in
1828 3666 2150 3730 Domibus
2181 3666 2444 3743 scilicet,
2474 3665 2623 3727 cum

581 3777 792 3861 aliquo
824 3799 958 3840 non
988 3777 1373 3840 mittuntur:
1435 3798 1555 3839 nec
1600 3775 1882 3839 officium
1923 3776 2274 3837 Rectorum
2313 3774 2625 3838 ordinari-

580 3910 692 3949 um
731 3889 800 3950 in
851 3886 1177 3971 Collegiis,
1225 3887 1328 3950 vel
1372 3885 1920 3949 Universitatibus
1959 3883 2297 3947 Societatis
2341 3884 2623 3947 habeant

585 4000 734 4072 (nisi
773 4000 1054 4079 ipsarum
1100 3999 1456 4073 necessita-3,
1496 3999 1595 4058 vel
1637 3997 1867 4059 eoeimia
1910 3996 2159 4057 utilitas·
2203 3994 2275 4056 id
2314 3998 2617 4077 eoeiyeret)

580 4131 699 4172 neo
726 4108 1087 4172 redditibus
1119 4129 1341 4172 eorum
1369 4107 1438 4169 in
1470 4106 1795 4169 Domibus
1824 4115 2112 4169 utantur.

492 4228 533 4281 4
582 4219 1029 4302 CoadjutoreS,
1074 4218 1363 4302 quandiu
1413 4217 1484 4279 in
1524 4216 1848 4279 Domibus
1900 4225 2111 4293 erunt,
2157 4237 2301 4298 quae
2344 4240 2423 4280 ex
2460 4218 2620 4282 elee-
