3146 5014
1188 527 1212 565 ·’
1241 551 1424 595 PARS
1474 553 1802 600 QUAR'PA.
2487 549 2568 605 53

513 835 606 877 DE
643 836 1320 881 UNIVERSI'PA'PIBUS
1357 839 1435 880 IN
1473 839 1876 885 socffl'rA'rE
1911 843 2447 891 ADMITTENDIS.

428 1126 449 1180 l
509 1119 782 1180 EADEM
838 1118 1168 1181 charitatis
1220 1118 1405 1198 rati0,
1458 1141 1589 1203 qua
1643 1120 1933 1205 Collegia
1985 1122 2442 1200 admittuntur,
2497 1133 2560 1186 et

508 1229 785 1314 publicae
827 1229 1081 1293 Scholae
1127 1230 1194 1292 in
1249 1230 1340 1294 eis
1390 1251 1523 1294 non
1568 1230 1826 1295 tantum
1872 1233 1956 1296 ad
2002 1241 2395 1314 nostrorum,
2444 1235 2560 1297 sed

505 1341 710 1426 magis
741 1341 936 1404 etiam
967 1342 1051 1404 ad
1080 1352 1492 1405 externorum
1522 1342 2020 1409 aedificationem
2066 1344 2135 1407 in
2168 1344 2462 1408 doctrina
2491 1356 2557 1408 et

505 1451 793 1515 moribus
854 1462 1179 1531 tenentur,
1248 1453 1508 1516 extendi
1582 1453 1822 1539 poterit
1897 1455 1979 1518 ad
2041 1455 2555 1520 Universitatum

503 1583 725 1625 curam
770 1562 1291 1647 suscipiendam3
1335 1574 1411 1627 ut
1446 1563 1516 1626 in
1564 1564 1658 1629 eis
1702 1563 1808 1628 hic
1854 1565 2105 1629 fructus
2147 1566 2556 1645 extendatur,

502 1671 823 1756 latiusque
851 1683 1071 1758 pateat
1102 1685 1236 1737 tam
1279 1674 1347 1737 in
1396 1673 1720 1754 Scientiis,
1766 1696 1913 1758 quae
1957 1676 2327 1756 traduntur,
2358 1676 2552 1760 quam

505 1782 575 1846 in
626 1784 1017 1863 hominibus,
1067 1784 1180 1868 qui
1238 1784 1321 1847 ad
1371 1805 1479 1848 eas
1515 1784 1935 1864 conveniunt,
1980 1798 2047 1849 et
2089 1786 2420 1872 gradibus,
2470 1787 2553 1850 ad

456 1895 461 1901 ’
503 1914 666 1978 quos
724 1905 1205 1979 promoventur,
1264 1905 1340 1957 ut
1401 1893 1541 1958 aliis
1601 1894 1672 1958 in
1731 1894 1889 1959 locis
1950 1917 2101 1959 cum
2162 1896 2550 1960 authoritate

499 2004 725 2068 docere
768 2004 1045 2089 possint,
1089 2005 1267 2089 quod
1311 2004 1380 2068 in
1424 2004 1526 2069 his
1570 2005 1736 2069 bene
1783 2006 1865 2069 ad
1895 2006 2022 2070 Dei
2067 2006 2337 2092 gloriam
2383 2006 2549 2070 didi-

498 2116 721 2180 cerint.
2409 2120 2412 2127 ’
2573 2100 2578 2101 7

411 2233 448 2288 2
497 2227 755 2294 Quibus
800 2237 1018 2290 tamen
1063 2225 1566 2306 conditionibus,
1613 2234 1678 2290 et
1723 2227 2246 2312 obligationibus,
2278 2228 2544 2312 quibus-

493 2359 617 2421 que
646 2338 715 2401 in
746 2336 906 2401 locis
936 2336 1311 2422 hujusmodi
1344 2336 1815 2402 Universitates
1848 2337 2103 2402 admitti
2133 2338 2433 2419 debeant,
2464 2339 2544 2419 ei,

494 2450 606 2535 qui
641 2472 1011 2536 supremam
1062 2472 1282 2514 curam
1330 2449 1670 2516 Societatis
1716 2450 1932 2532 habet,
1968 2451 2397 2537 judicandum
2443 2474 2542 2516 re-

488 2563 824 2647 linquitur.
917 2563 1051 2630 Qui
1102 2562 1541 2626 assistentium
1599 2562 1721 2626 sibi
1774 2562 2012 2626 auditis
2067 2562 2427 2639 sententiis,
2477 2574 2542 2625 et

448 2757 454 2761 Ι
490 2675 784 2754 aliorum,
814 2697 978 2759 quos
1007 2674 1077 2738 in
1121 2674 1464 2738 consilium
1510 2673 1801 2737 adhiberi
1846 2673 2039 2753 volet,
2069 2695 2187 2758 per
2223 2694 2291 2737 se
2321 2672 2537 2757 ipsum

490 2786 837 2850 deliberare
883 2784 1163 2870 poterit3
1231 2806 1316 2848 an
1376 2784 1507 2848 sint
1555 2784 1997 2849 admittendae.
2087 2785 2244 2848 Non
2297 2798 2538 2862 tamen,

488 2910 835 2984 postquam
878 2898 1175 2962 admissae
1222 2897 1464 2961 fuerint
1513 2900 1650 2962 sine
1693 2897 2210 2984 Congregatione
2256 2897 2537 2982 generali

488 3034 603 3096 per
631 3034 779 3076 eum
812 3009 1076 3075 dissolvi
1103 3020 1433 3095 poterunt.

401 3131 441 3186 3
490 3123 662 3190 Quia
699 3135 919 3187 tamen
961 3121 1259 3206 religiosa
1306 3121 1511 3205 quieS,
1556 3132 1622 3185 et
1668 3120 2032 3205 spirituales
2073 3121 2533 3206 occupationes

486 3259 605 3300 nec
635 3236 834 3300 animi
863 3234 1371 3314 distractionem,
1402 3255 1522 3298 nee
1551 3232 1676 3297 alia
1703 3232 2133 3313 incommoda,
2166 3255 2312 3317 quae
2354 3233 2533 3317 judi-

485 3347 674 3411 candi
707 3347 776 3410 in
823 3346 1018 3411 rebus
1063 3345 1358 3410 civilibus
1397 3345 1500 3409 vel
1544 3343 1983 3408 criminalibus
2023 3343 2308 3406 officium
2348 3345 2531 3428 sequi

484 3457 716 3536 solent,
739 3455 1042 3521 Societati
1070 3456 1488 3541 permittunt3
1521 3452 1890 3539 jurisdictio
1910 3451 2309 3536 hujusmodi,
2332 3475 2528 3537 quam

482 3590 601 3654 per
640 3589 730 3646 se,
779 3567 882 3632 vel
930 3590 1047 3653 per
1081 3567 1239 3631 alios
1285 3588 1323 3629 a
1365 3587 1433 3629 se
1478 3564 1920 3649 dependentes
1965 3586 2257 3631 exercere
2298 3565 2528 3630 debeat

484 3678 791 3759 Societas,
822 3700 953 3742 non
984 3678 1399 3742 admittatur:
1447 3674 1720 3761 quanvis
1750 3675 1834 3740 ad
1863 3697 1959 3754 ea,
1989 3698 2135 3760 quae
2166 3677 2250 3739 ad
2277 3676 2525 3740 bonum

478 3801 720 3855 statum
774 3788 1230 3855 Universitatis
1277 3788 1535 3874 proprie
1573 3787 1925 3873 pertinent,
1978 3785 2318 3849 conveniat
2369 3785 2415 3849 J
2417 3808 2527 3848 us—

478 3901 638 3966 titiae
667 3901 1007 3966 ordinariae
1039 3900 1181 3966 sive
1202 3899 1506 3986 secularis
1538 3898 1670 3962 sive
1702 3895 2150 3960 ecclesiasticae
2195 3894 2526 3959 ministros

450 4012 646 4078 *circa
695 4013 1105 4100 punitionem
1168 4009 1715 4082 scholasticorum
1788 4009 2170 4072 voluntatem
2237 4007 2528 4073 Rectoris

477 4124 936 4190 Universitatis
973 4124 1096 4188 sibi
1137 4122 1565 4208 significatam
1619 4118 1872 4219 exequi,
1912 4130 1978 4184 et
2021 4117 2377 4204 generatim
2422 4142 2524 4184 res

1390 4260 1433 4301 Ε
