3146 5014
1259 487 1440 530 PARs
1491 487 1718 531 NONA.
2449 473 2572 547 107

525 655 606 717 ad
637 654 897 717 easdem
929 653 1011 716 ad
1039 652 1237 717 finem
1268 665 1335 716 et
1374 655 1832 738 perfectionem
1868 676 2050 718 suam
2086 656 2573 740 perducendas3

520 776 595 827 ut
623 786 745 827 nec
775 763 1043 842 incuria,
1074 786 1194 828 nec
1223 764 1599 830 remissione
1632 765 1830 830 animi
1872 765 2193 829 inchoatae
2237 777 2302 831 et
2332 767 2571 852 imper-

519 875 705 937 fectae
735 872 1205 956 relinquantur.

436 993 474 1048 8
527 985 776 1051 Quinta
805 986 888 1047 ad
919 1006 1154 1070 corpus
1185 986 1468 1070 pertinet
1485 1011 1503 1064 3
1556 986 1627 1048 in
1673 1008 1825 1069 quo,
1856 986 2032 1069 quod
2076 987 2159 1050 ad
2203 986 2568 1065 sanitatem,

524 1095 802 1179 speciem
833 1106 1185 1173 externam,
1217 1107 1282 1159 et
1321 1103 1580 1159 aetatem
1625 1096 1878 1175 attinet,
1921 1096 2220 1160 habenda
2263 1107 2362 1160 est
2404 1097 2568 1161 ratio

522 1207 674 1270 hinc
720 1208 981 1290 quidem
1019 1208 1328 1271 decentiae
1371 1218 1436 1270 et
1477 1208 1908 1286 authoritatiS,
1952 1207 2102 1272 inde
2142 1210 2293 1272 vero
2331 1209 2567 1273 virium

521 1319 828 1403 corporis,
859 1340 1020 1402 quas
1051 1319 1189 1403 ejus
1220 1340 1461 1382 munus
1493 1318 1735 1403 exigit3
1795 1330 1871 1382 ut
1913 1319 1981 1382 in
2028 1342 2103 1384 eo
2142 1320 2330 1404 fungi
2361 1320 2569 1384 officio

523 1451 640 1492 suo
673 1429 754 1491 ad
785 1429 910 1491 Dei
943 1450 1014 1492 ac
1047 1428 1316 1492 Domini
1348 1429 1554 1492 nostri
1585 1429 1855 1513 gloriam
1884 1430 2112 1513 possit.

435 1546 474 1601 9
523 1538 718 1602 Sexta
753 1538 920 1602 circa
953 1561 1055 1602 res
1104 1550 1398 1602 externas
1435 1549 1554 1616 est,
1600 1539 1768 1602 inter
1814 1561 1996 1622 quaS,
2042 1561 2188 1622 quae
2232 1539 2440 1624 magis
2486 1539 2569 1602 ad

521 1647 1011 1712 aedificationem
1041 1659 1106 1712 et
1137 1648 1263 1711 Dei
1308 1648 1693 1732 obsequium
1737 1649 1805 1711 in
1850 1668 1927 1712 eo
1967 1648 2177 1712 officio
2208 1649 2572 1726 conferunt,

519 1758 807 1842 praeferri
837 1758 1094 1821 debent.
1189 1758 1588 1841 Hujusmodi
1618 1780 1755 1822 esse
1790 1758 2020 1837 solent,
2067 1758 2268 1841 siquis
2313 1780 2569 1842 magnae

523 1868 606 1930 sit
646 1867 1157 1946 existimationis,
1198 1890 1271 1930 ac
1325 1868 1592 1931 celebris
1635 1868 1952 1932 nominis:
2008 1876 2073 1931 et
2110 1869 2372 1931 demum
2420 1889 2568 1951 quae

524 2000 602 2040 ex
632 1977 877 2040 caeteris
911 1978 993 2039 ad
1022 1977 1480 2040 authoritatem
1513 2000 1663 2040 cum
1706 1977 1988 2041 externis
2028 1990 2093 2041 et
2138 1999 2288 2040 cum
2328 1977 2430 2057 iis,
2460 1977 2575 2061 qui

525 2088 603 2150 de
638 2088 955 2151 Societate
989 2095 1164 2165 sunt,
1196 2087 1523 2170 adjuvant.

396 2206 477 2263 10
522 2199 822 2283 Denique
854 2221 934 2262 ex
963 2221 1185 2261 eorum
1217 2221 1486 2262 numero
1519 2221 1657 2262 esse
1700 2198 1892 2262 debet
1926 2199 2322 2282 Praepositus
2356 2199 2573 2262 Gene-

519 2309 690 2388 ralis,
744 2309 857 2392 qui
915 2309 984 2370 in
1045 2309 1223 2371 omni
1282 2309 1598 2372 virtutum
1659 2320 1892 2400 ornatu
1951 2308 2307 2387 clarissimi,
2369 2321 2435 2372 et
2487 2309 2565 2371 de

525 2419 841 2482 Societate
873 2418 1117 2502 optime
1148 2418 1380 2495 meriti,
1412 2426 1477 2481 et
1509 2419 1621 2480 diu
1666 2419 1734 2481 in
1779 2419 2004 2482 eadem
2050 2419 2209 2482 tales
2254 2441 2393 2482 esse
2424 2441 2571 2503 per-

525 2533 729 2618 specti
758 2545 934 2596 sunt.
1025 2533 1115 2597 Et
1148 2532 1202 2596 si
1233 2532 1464 2616 aliquae
1497 2555 1577 2595 ex
1622 2533 1883 2596 dotibus
1916 2532 2210 2616 superius
2243 2532 2431 2595 dictis
2464 2533 2575 2595 de-

522 2655 775 2721 essent3
838 2643 1009 2707 certe
1053 2664 1187 2706 non
1234 2642 1400 2705 desit
1447 2642 1680 2705 eximia
1730 2642 2041 2725 probitas,
2086 2652 2151 2704 et
2196 2662 2374 2704 amor
2418 2663 2572 2725 erga

525 2756 913 2820 Societatem
944 2777 1017 2818 ac
1051 2754 1374 2840 judicium
1405 2754 1675 2833 bonum,
1706 2754 1883 2838 quod
1927 2753 2120 2817 etiam
2156 2753 2389 2816 idonea
2418 2753 2571 2816 doc-

523 2867 692 2931 trina
720 2866 1082 2931 comitetur.
1175 2866 1256 2929 In
1286 2865 1549 2948 reliquis
1591 2865 1763 2928 enim
1807 2886 1923 2949 per
1967 2886 2099 2944 eos,
2144 2864 2257 2948 qui
2302 2865 2385 2928 ad
2429 2863 2568 2949 ejus

524 2978 831 3042 auxilium
885 2977 1251 3041 destinandi
1313 2985 1467 3040 sunt
1524 2977 1628 3058 (de
1677 2976 1913 3060 quibus
1973 2977 2239 3040 inferius
2294 2975 2565 3057 dicetur)

527 3110 674 3151 cum
706 3088 940 3152 auxilio
972 3100 1037 3151 et
1065 3089 1278 3151 favore
1311 3087 1528 3150 divino
1558 3086 1767 3150 multa
1796 3087 2081 3172 suppleri
2110 3096 2439 3171 poterunt.

512 3408 606 3448 DE
643 3405 1055 3449 POTESTATE
1092 3402 1492 3446 PRAEPOSITI
1529 3398 1952 3442 GENERALIS
1987 3395 2185 3439 ERGA
2222 3395 2460 3439 socffl-

929 3514 1205 3571 TATEM,
1238 3512 1330 3555 Ac
1366 3512 1461 3553 DE
1496 3507 1790 3553 OFFICIO
1826 3507 2022 3550 EJUS.

1291 3628 1486 3691 CAP.
1538 3627 1672 3689 ΙΙΙ.

437 3761 468 3816 1
524 3753 632 3817 ΠΤ
661 3753 827 3818 bene
857 3752 1257 3836 gubernetur
1289 3750 1611 3825 Societas3
1657 3746 1955 3831 expedire
1998 3745 2069 3806 in
2112 3743 2338 3827 primis
2384 3743 2568 3806 duxi-

518 3885 686 3942 muS,
717 3875 792 3926 ut
824 3863 1221 3947 Praepositus
1255 3860 1592 3924 Generalis
1623 3877 1882 3921 omnem
1913 3853 2149 3917 habeat
2179 3863 2566 3937 potestatem

517 3973 587 4036 in
642 3973 1031 4038 Societatem
1093 3973 1175 4036 ad
1235 3968 1765 4034 aedificationem:
1830 3985 1975 4047 quae
2023 3973 2311 4047 potestas
2373 3963 2569 4044 (unde

522 4084 864 4169 Praepositi
909 4083 1192 4148 officium
1223 4079 1657 4165 cognoscitur)
1692 4078 1834 4140 haec
1865 4074 1986 4137 erit
2010 4098 2028 4150 3
2079 4073 2364 4158 primum
2397 4074 2570 4137 Prae-

519 4194 774 4278 positus
809 4193 1146 4259 Generalis
1176 4214 1292 4278 per
1324 4213 1413 4269 se,
1445 4202 1510 4255 et
1537 4210 1657 4273 per
1686 4186 1843 4252 alios
1875 4183 2213 4249 admittere
2257 4184 2326 4248 in
2366 4184 2572 4249 domi-
