3146 5014
556 520 639 576 48

1318 528 1968 573 CONSTITUTIONUM

603 704 641 758 8
691 696 772 758 In
832 693 1207 757 universum
1266 691 1614 775 loquendo,
1676 690 1929 754 edoceri
1989 711 2125 753 eos.
2160 691 2485 769 convenit,
2548 713 2741 775 quem

688 807 956 870 modum
996 817 1214 869 tenere
1255 814 1548 888 oporteat
1593 802 1790 886 hujus
1840 802 2179 866 Societatis
2232 803 2579 886 operarios,
2631 805 2743 888 qui

687 918 756 980 in
807 928 940 979 tam
988 915 1179 979 variis
1228 913 1459 977 mundi
1509 913 1907 997 regionibus,
1959 934 2238 996 cumque
2287 924 2420 976 tam
2472 914 2740 978 diversis

689 1027 1028 1091 hominum
1059 1025 1405 1110 generibus
1437 1024 1675 1088 versari
1706 1024 1968 1102 debent,
2000 1025 2510 1088 antevertendo
2493 1048 2740 1090 mcom-

688 1139 903 1217 moda,
952 1159 1097 1220 quae
1147 1148 1425 1241 possunt
1484 1135 1811 1213 accidere3
1878 1146 1943 1197 et
2003 1137 2431 1214 emolumenta,
2480 1157 2612 1218 quae
2658 1140 2745 1201 ad

688 1250 892 1330 majus
919 1250 1045 1311 Dei
1074 1248 1400 1311 servitium
1432 1247 1808 1328 conferunts
1835 1248 2170 1327 captandO,
2214 1247 2495 1309 omnibus
2538 1250 2741 1310 ratio-

688 1361 868 1424 nibus
912 1360 1235 1439 adhibitis,
1280 1379 1413 1440 quoe
1448 1363 1723 1439 possunt
1767 1357 2073 1421 adhiberi.
2166 1357 2256 1420 Et
2302 1357 2576 1440 quanvis
2616 1359 2740 1422 hoc

692 1472 829 1535 sola
871 1472 1081 1534 unctio
1126 1471 1333 1534 sancti
1383 1469 1688 1550 Spiritus,
1720 1476 1782 1531 et
1827 1489 1901 1531 ea
1940 1470 2308 1550 prudentia,
2354 1490 2537 1549 quam
2578 1490 2742 1532 com-

691 1584 1009 1646 municare
1037 1583 1197 1644 solet
1226 1580 1535 1643 Dominus
1564 1579 1714 1659 illis,
1746 1579 1858 1663 qui
1897 1579 1966 1642 in
1997 1579 2216 1642 divina
2245 1601 2364 1642 sua
2394 1579 2741 1664 Majestate

691 1693 1053 1771 confidunt,
1085 1692 1312 1775 docere
1338 1690 1590 1775 ,possit3
1634 1692 1740 1754 via
1785 1693 1952 1754 certe
1996 1692 2205 1772 aliquo
2250 1693 2427 1753 modo
2475 1691 2742 1774 quibus-

691 1804 841 1868 dam
896 1803 1326 1882 documentiS,
1372 1779 1568 1894 quae‘*
1586 1802 1843 1886 juvent,
1895 1814 1958 1865 et
2020 1802 2103 1865 ad
2153 1803 2454 1866 effectum
2507 1803 2740 1866 divinae

692 1914 916 2005 gratiae
948 1915 1320 1999 disponant,
1352 1915 1594 1994 aperiri
1629 1919 1865 1994 potest.

639 2204 733 2260 DE
770 2216 1286 2260 SGHOLASTICIS
1322 2217 1369 2258 A
1405 2215 1671 2259 STUDIO
1707 2218 2195 2261 LITTERARUM
2233 2210 2675 2271 EDUGENDIS.

1472 2318 1670 2382 CAP.
1719 2318 1843 2383 lx.
1898 2295 1910 2325 “·

614 2452 643 2507 1
697 2444 807 2506 Ex
850 2443 1155 2530 Collegiis
1200 2444 1498 2509 nonnulli
1532 2456 1800 2530 propter
1851 2466 2076 2509 causas
2116 2445 2183 2507 in
2227 2445 2511 2509 secunda
2554 2445 2741 2509 Parte

644 2599 651 2604 -
696 2558 923 2638 dictas,
960 2569 1025 2621 et
1072 2553 1267 2621 modo
1310 2558 1481 2621 inibi
1533 2558 1852 2643 explicato
1892 2551 2301 2652 educuntur3
2346 2570 2421 2621 ut
2454 2557 2589 2636 alii,
2628 2558 2742 2642 qui

696 2671 779 2735 ad
839 2670 1132 2734 divinum
1210 2670 1541 2735 servitium
1603 2670 1808 2754 magis
1867 2656 2232 2754 proficiant,
2293 2670 2534 2734 eisdem
2596 2692 2742 2733 suc-

697 2781 951 2844 cedant.
1042 2780 1290 2843 Eadem
1341 2780 1659 2864 siquidem
1706 2780 1774 2843 in
1836 2782 1957 2844 hac
2015 2793 2201 2865 parte
2263 2782 2624 2860 domorum,
2676 2793 2741 2845 et

699 2889 1136 2974 Collegiorum
1167 2901 1266 2953 est
1296 2890 1478 2954 ratio.

697 2998 916 3085 Aliqui
946 3001 1140 3065 etiam
1160 3001 1504 3085 aliquando
1535 3003 1915 3082 educentur,
1934 3004 2110 3087 quod
2138 3003 2298 3088 ipsis
2329 3004 2412 3066 ad
2432 3004 2741 3088 majorem

695 3113 765 3175 in
815 3112 1046 3198 spiritu
1095 3113 1198 3177 vel
1243 3112 1313 3176 in
1362 3113 1595 3178 litteris
1643 3115 2004 3199 profectum
2067 3114 2189 3178 alio
2241 3114 2592 3193 transferri,
2640 3115 2745 3179 vel

697 3224 873 3307 quod
933 3224 1016 3287 ad
1073 3224 1430 3302 universale
1490 3226 1736 3288 bonum
1802 3225 2139 3289 Societatis
2214 3225 2592 3304 conveniat;
2668 3238 2743 3289 ut

695 3334 1031 3414 accideret,
1068 3334 1143 3414 si,
1184 3335 1296 3419 qui
1335 3335 1595 3399 Artium
1641 3335 2032 3400 curriculum
2084 3336 2151 3398 in
2194 3335 2408 3419 aliquo
2451 3335 2742 3420 Collegio

697 3453 997 3510 emenSus
1017 3457 1208 3525 esset,
1232 3458 1306 3510 ut
1329 3448 1586 3511 easdem
1610 3447 1761 3510 alibi
1791 3447 2169 3532 praelegeret
2199 3458 2348 3511 ante
2370 3448 2740 3532 Theologiae

697 3557 988 3619 studium
1019 3557 1417 3622 educeretur.
1509 3558 1599 3621 Et
1628 3559 1799 3622 idem
1846 3559 2092 3622 dictum
2139 3558 2245 3638 sit,
2290 3558 2343 3621 si
2389 3580 2518 3642 qua
2559 3558 2628 3620 in
2671 3579 2738 3620 re

699 3667 820 3731 alia
859 3669 943 3732 ad
993 3669 1201 3753 majus
1255 3669 1383 3733 Dei
1435 3668 1820 3752 obsequium
1874 3681 1938 3734 et
1986 3671 2254 3755 gloriam
2294 3681 2510 3734 essent
2551 3692 2740 3734 occu-

695 3777 915 3864 pandi.

701 3888 1084 3953 Communis
1117 3901 1333 3953 autem
1374 3890 1608 3970 modus
1654 3887 1976 3954 educendi
2005 3890 2436 3956 Scholasticos
2482 3915 2561 3956 ex
2593 3890 2743 3954 Col-

697 3999 865 4084 legio
918 3999 1152 4083 aliquo,
1200 4000 1313 4063 ubi
1367 4024 1591 4066 omnes
1643 4002 1969 4087 praedictae
2024 4002 2325 4066 Scientiae
2378 4003 2744 4081 traduntur,

700 4124 857 4178 tunc
889 4115 1047 4194 erit3
1093 4114 1242 4178 cum
1279 4116 1551 4200 quisque
1596 4117 1811 4180 studia
1855 4138 1972 4179 sua
2003 4115 2144 4199 jam
2190 4116 2554 4194 absolverit,
2598 4137 2745 4199 per-

698 4235 841 4289 acto
863 4226 1122 4290 Artium
1155 4228 1494 4307 curricuIO,
1518 4240 1584 4292 et
1615 4240 1891 4313 quatuor
1921 4229 2107 4292 annis
2125 4228 2495 4313 Theologiae
2528 4226 2745 4291 studio
