<?xml version="1.0" encoding="UTF-8"?>
<!DOCTYPE html PUBLIC "-//W3C//DTD XHTML 1.0 Transitional//EN"
    "http://www.w3.org/TR/xhtml1/DTD/xhtml1-transitional.dtd">
<html xmlns="http://www.w3.org/1999/xhtml" xml:lang="en" lang="en">
 <head>
  <title>
</title>
<meta http-equiv="Content-Type" content="text/html;charset=utf-8" />
  <meta name='ocr-system' content='tesseract 3.04.00' />
  <meta name='ocr-capabilities' content='ocr_page ocr_carea ocr_par ocr_line ocrx_word'/>
</head>
<body>
  <div class='ocr_page' id='page_1' title='image "./constitutioness02jesugoog_0124.png"; bbox 0 0 3146 5014; ppageno 0'>
   <div class='ocr_carea' id='block_1_1' title="bbox 562 492 684 550">
    <p class='ocr_par' dir='ltr' id='par_1_1' title="bbox 562 492 684 550">
     <span class='ocr_line' id='line_1_1' title="bbox 562 492 684 550; baseline 0.016 -2"><span class='ocrx_word' id='word_1_1' title='bbox 562 492 684 550; x_wconf 84' lang='lat'><strong>106</strong></span> 
     </span>
    </p>
   </div>
   <div class='ocr_carea' id='block_1_2' title="bbox 604 3988 642 4061">
    <p class='ocr_par' dir='ltr' id='par_1_2' title="bbox 604 3988 642 4061">
     <span class='ocr_line' id='line_1_2' title="bbox 604 3988 642 4061; baseline 0 0"><span class='ocrx_word' id='word_1_2' title='bbox 604 3988 642 4061; x_wconf 90' lang='grc'><strong><em>7</em></strong></span> 
     </span>
    </p>
   </div>
   <div class='ocr_carea' id='block_1_3' title="bbox 1318 506 1971 551">
    <p class='ocr_par' dir='ltr' id='par_1_3' title="bbox 1318 506 1971 551">
     <span class='ocr_line' id='line_1_3' title="bbox 1318 506 1971 551; baseline -0.002 -1"><span class='ocrx_word' id='word_1_3' title='bbox 1318 506 1971 551; x_wconf 79' lang='lat' dir='ltr'>CONSTITUTIONUM</span> 
     </span>
    </p>
   </div>
   <div class='ocr_carea' id='block_1_4' title="bbox 688 672 2745 4180">
    <p class='ocr_par' dir='ltr' id='par_1_4' title="bbox 689 672 2745 1178">
     <span class='ocr_line' id='line_1_4' title="bbox 689 672 2745 758; baseline 0.002 -24"><span class='ocrx_word' id='word_1_4' title='bbox 689 673 844 751; x_wconf 88' lang='lat' dir='ltr'><strong>suis,</strong></span> <span class='ocrx_word' id='word_1_5' title='bbox 889 683 964 735; x_wconf 93' lang='lat' dir='ltr'><strong>ut</strong></span> <span class='ocrx_word' id='word_1_6' title='bbox 1004 673 1326 751; x_wconf 88' lang='lat' dir='ltr'><strong>convenit,</strong></span> <span class='ocrx_word' id='word_1_7' title='bbox 1359 673 1643 758; x_wconf 89' lang='lat' dir='ltr'><strong>compati</strong></span> <span class='ocrx_word' id='word_1_8' title='bbox 1691 673 1961 752; x_wconf 88' lang='lat' dir='ltr'><strong>noverit,</strong></span> <span class='ocrx_word' id='word_1_9' title='bbox 1993 694 2069 736; x_wconf 92' lang='lat' dir='ltr'><strong>eo</strong></span> <span class='ocrx_word' id='word_1_10' title='bbox 2099 672 2296 736; x_wconf 92' lang='lat' dir='ltr'><strong>modo</strong></span> <span class='ocrx_word' id='word_1_11' title='bbox 2342 694 2408 737; x_wconf 89' lang='lat' dir='ltr'><strong>se</strong></span> <span class='ocrx_word' id='word_1_12' title='bbox 2440 674 2745 757; x_wconf 88' lang='lat' dir='ltr'><strong>gerendo,</strong></span> 
     </span>
     <span class='ocr_line' id='line_1_5' title="bbox 689 782 2737 867; baseline 0.001 -22"><span class='ocrx_word' id='word_1_13' title='bbox 689 791 766 845; x_wconf 91' lang='lat' dir='ltr'><strong>ut</strong></span> <span class='ocrx_word' id='word_1_14' title='bbox 817 782 1010 846; x_wconf 90' lang='lat' dir='ltr'><strong>etiam</strong></span> <span class='ocrx_word' id='word_1_15' title='bbox 1063 783 1175 866; x_wconf 92' lang='lat' dir='ltr'><strong>qui</strong></span> <span class='ocrx_word' id='word_1_16' title='bbox 1213 783 1796 867; x_wconf 89' lang='lat' dir='ltr'><strong>reprehenduntur,</strong></span> <span class='ocrx_word' id='word_1_17' title='bbox 1841 783 1944 846; x_wconf 90' lang='lat' dir='ltr'><strong>vel</strong></span> <span class='ocrx_word' id='word_1_18' title='bbox 1988 782 2424 866; x_wconf 90' lang='lat' dir='ltr'><strong>corriguntur,</strong></span> <span class='ocrx_word' id='word_1_19' title='bbox 2466 785 2737 866; x_wconf 83' lang='lat' dir='ltr'><strong>quanvis</strong></span> 
     </span>
     <span class='ocr_line' id='line_1_6' title="bbox 691 894 2743 980; baseline 0 -23"><span class='ocrx_word' id='word_1_20' title='bbox 691 896 1048 958; x_wconf 90' lang='lat' dir='ltr'><strong>secundum</strong></span> <span class='ocrx_word' id='word_1_21' title='bbox 1093 895 1454 958; x_wconf 88' lang='lat' dir='ltr'><strong>inferiorem</strong></span> <span class='ocrx_word' id='word_1_22' title='bbox 1499 894 1851 973; x_wconf 89' lang='lat' dir='ltr'><strong>hominem,</strong></span> <span class='ocrx_word' id='word_1_23' title='bbox 1900 895 2076 977; x_wconf 94' lang='lat' dir='ltr'><strong>quod</strong></span> <span class='ocrx_word' id='word_1_24' title='bbox 2121 894 2356 978; x_wconf 90' lang='lat' dir='ltr'><strong>agitur,</strong></span> <span class='ocrx_word' id='word_1_25' title='bbox 2388 894 2743 980; x_wconf 84' lang='lat' dir='ltr'><strong>displiceat,</strong></span> 
     </span>
     <span class='ocr_line' id='line_1_7' title="bbox 695 1004 2743 1089; baseline 0 -22"><span class='ocrx_word' id='word_1_26' title='bbox 695 1017 1049 1089; x_wconf 85' lang='lat' dir='ltr'>agnoscant</span> <span class='ocrx_word' id='word_1_27' title='bbox 1096 1004 1538 1082; x_wconf 76' lang='lat' dir='ltr'><strong>nihilominUS,</strong></span> <span class='ocrx_word' id='word_1_28' title='bbox 1584 1005 1762 1087; x_wconf 75' lang='lat' dir='ltr'><strong>quod</strong></span> <span class='ocrx_word' id='word_1_29' title='bbox 1803 1016 1975 1068; x_wconf 92' lang='lat' dir='ltr'><strong>recte</strong></span> <span class='ocrx_word' id='word_1_30' title='bbox 2019 1005 2088 1067; x_wconf 93' lang='lat' dir='ltr'><strong>in</strong></span> <span class='ocrx_word' id='word_1_31' title='bbox 2129 1006 2440 1084; x_wconf 91' lang='lat' dir='ltr'><strong>Domin0,</strong></span> <span class='ocrx_word' id='word_1_32' title='bbox 2486 1018 2551 1069; x_wconf 95' lang='lat' dir='ltr'><strong>et</strong></span> <span class='ocrx_word' id='word_1_33' title='bbox 2595 1027 2743 1069; x_wconf 90' lang='lat' dir='ltr'><strong>cum</strong></span> 
     </span>
     <span class='ocr_line' id='line_1_8' title="bbox 693 1114 1918 1178; baseline -0.001 0"><span class='ocrx_word' id='word_1_34' title='bbox 693 1115 1000 1178; x_wconf 81' lang='lat' dir='ltr'><strong>charitate</strong></span> <span class='ocrx_word' id='word_1_35' title='bbox 1030 1116 1135 1178; x_wconf 92' lang='lat' dir='ltr'><strong>ille</strong></span> <span class='ocrx_word' id='word_1_36' title='bbox 1168 1137 1359 1178; x_wconf 92' lang='lat' dir='ltr'><strong>suum</strong></span> <span class='ocrx_word' id='word_1_37' title='bbox 1392 1114 1675 1177; x_wconf 90' lang='lat' dir='ltr'><strong>officium</strong></span> <span class='ocrx_word' id='word_1_38' title='bbox 1705 1114 1918 1177; x_wconf 90' lang='lat' dir='ltr'><strong>faciat.</strong></span> 
     </span>
    </p>

    <p class='ocr_par' dir='ltr' id='par_1_5' title="bbox 691 1224 2745 2503">
     <span class='ocr_line' id='line_1_9' title="bbox 691 1224 2744 1310; baseline 0.001 -23"><span class='ocrx_word' id='word_1_39' title='bbox 691 1225 914 1287; x_wconf 90' lang='lat' dir='ltr'><strong>Animi</strong></span> <span class='ocrx_word' id='word_1_40' title='bbox 945 1225 1138 1288; x_wconf 88' lang='lat' dir='ltr'><strong>etiam</strong></span> <span class='ocrx_word' id='word_1_41' title='bbox 1168 1224 1548 1310; x_wconf 85' lang='lat' dir='ltr'><strong>magnitudo</strong></span> <span class='ocrx_word' id='word_1_42' title='bbox 1582 1246 1654 1287; x_wconf 90' lang='lat' dir='ltr'><strong>ac</strong></span> <span class='ocrx_word' id='word_1_43' title='bbox 1684 1224 1997 1287; x_wconf 88' lang='lat' dir='ltr'><strong>fortitudo</strong></span> <span class='ocrx_word' id='word_1_44' title='bbox 2029 1231 2128 1286; x_wconf 93' lang='lat' dir='ltr'><strong>est</strong></span> <span class='ocrx_word' id='word_1_45' title='bbox 2168 1224 2225 1286; x_wconf 93' lang='lat' dir='ltr'><strong>ei</strong></span> <span class='ocrx_word' id='word_1_46' title='bbox 2270 1225 2744 1309; x_wconf 87' lang='lat' dir='ltr'><strong>pernecessaria</strong></span> 
     </span>
     <span class='ocr_line' id='line_1_10' title="bbox 692 1334 2739 1418; baseline 0 -21"><span class='ocrx_word' id='word_1_47' title='bbox 692 1335 775 1397; x_wconf 89' lang='lat' dir='ltr'><strong>ad</strong></span> <span class='ocrx_word' id='word_1_48' title='bbox 819 1334 1258 1398; x_wconf 87' lang='lat' dir='ltr'><strong>infirmitatem</strong></span> <span class='ocrx_word' id='word_1_49' title='bbox 1306 1335 1657 1397; x_wconf 89' lang='lat' dir='ltr'><strong>multorum</strong></span> <span class='ocrx_word' id='word_1_50' title='bbox 1702 1334 2053 1411; x_wconf 89' lang='lat' dir='ltr'><strong>ferendam,</strong></span> <span class='ocrx_word' id='word_1_51' title='bbox 2099 1345 2163 1396; x_wconf 93' lang='lat' dir='ltr'><strong>et</strong></span> <span class='ocrx_word' id='word_1_52' title='bbox 2206 1356 2308 1397; x_wconf 90' lang='lat' dir='ltr'><strong>res</strong></span> <span class='ocrx_word' id='word_1_53' title='bbox 2353 1356 2624 1418; x_wconf 88' lang='lat' dir='ltr'><strong>magnas</strong></span> <span class='ocrx_word' id='word_1_54' title='bbox 2669 1336 2739 1398; x_wconf 91' lang='lat' dir='ltr'><strong>in</strong></span> 
     </span>
     <span class='ocr_line' id='line_1_11' title="bbox 693 1443 2744 1528; baseline -0.001 -20"><span class='ocrx_word' id='word_1_55' title='bbox 693 1445 910 1508; x_wconf 88' lang='lat' dir='ltr'><strong>divino</strong></span> <span class='ocrx_word' id='word_1_56' title='bbox 943 1445 1198 1508; x_wconf 88' lang='lat' dir='ltr'><strong>servitio</strong></span> <span class='ocrx_word' id='word_1_57' title='bbox 1230 1444 1716 1528; x_wconf 82' lang='lat' dir='ltr'><strong>aggrediendas,</strong></span> <span class='ocrx_word' id='word_1_58' title='bbox 1747 1444 1815 1506; x_wconf 93' lang='lat' dir='ltr'><strong>in</strong></span> <span class='ocrx_word' id='word_1_59' title='bbox 1849 1443 2068 1526; x_wconf 88' lang='lat' dir='ltr'><strong>eisque</strong></span> <span class='ocrx_word' id='word_1_60' title='bbox 2115 1455 2505 1521; x_wconf 87' lang='lat' dir='ltr'><strong>constanter,</strong></span> <span class='ocrx_word' id='word_1_61' title='bbox 2537 1466 2744 1527; x_wconf 91' lang='lat' dir='ltr'><strong>quan-</strong></span> 
     </span>
     <span class='ocr_line' id='line_1_12' title="bbox 696 1556 2744 1639; baseline -0 -20"><span class='ocrx_word' id='word_1_62' title='bbox 696 1557 779 1620; x_wconf 97' lang='lat' dir='ltr'><strong>do</strong></span> <span class='ocrx_word' id='word_1_63' title='bbox 810 1557 877 1619; x_wconf 93' lang='lat' dir='ltr'><strong>id</strong></span> <span class='ocrx_word' id='word_1_64' title='bbox 908 1556 1229 1634; x_wconf 88' lang='lat' dir='ltr'><strong>convenit,</strong></span> <span class='ocrx_word' id='word_1_65' title='bbox 1258 1556 1799 1639; x_wconf 89' lang='lat' dir='ltr'><strong>perseverandum</strong></span> <span class='ocrx_word' id='word_1_66' title='bbox 1823 1580 1843 1634; x_wconf 82' lang='lat'>3</span> <span class='ocrx_word' id='word_1_67' title='bbox 1905 1577 2037 1618; x_wconf 90' lang='lat' dir='ltr'><strong>non</strong></span> <span class='ocrx_word' id='word_1_68' title='bbox 2081 1562 2345 1639; x_wconf 89' lang='lat' dir='ltr'><strong>propter</strong></span> <span class='ocrx_word' id='word_1_69' title='bbox 2384 1556 2744 1619; x_wconf 87' lang='lat' dir='ltr'><strong>contradic-</strong></span> 
     </span>
     <span class='ocr_line' id='line_1_13' title="bbox 693 1664 2743 1749; baseline -0.001 -18"><span class='ocrx_word' id='word_1_70' title='bbox 693 1669 901 1733; x_wconf 91' lang='lat' dir='ltr'><strong>tiones</strong></span> <span class='ocrx_word' id='word_1_71' title='bbox 945 1666 1116 1748; x_wconf 91' lang='lat' dir='ltr'><strong>(licet</strong></span> <span class='ocrx_word' id='word_1_72' title='bbox 1157 1667 1193 1728; x_wconf 71' lang='lat' dir='ltr'><strong>a</strong></span> <span class='ocrx_word' id='word_1_73' title='bbox 1231 1665 1507 1749; x_wconf 80' lang='lat' dir='ltr'><strong>magniS,</strong></span> <span class='ocrx_word' id='word_1_74' title='bbox 1548 1676 1614 1728; x_wconf 91' lang='lat' dir='ltr'><strong>et</strong></span> <span class='ocrx_word' id='word_1_75' title='bbox 1657 1665 2036 1749; x_wconf 91' lang='lat' dir='ltr'><strong>potentibus</strong></span> <span class='ocrx_word' id='word_1_76' title='bbox 2081 1664 2410 1747; x_wconf 88' lang='lat' dir='ltr'><strong>excitatas)</strong></span> <span class='ocrx_word' id='word_1_77' title='bbox 2457 1666 2743 1729; x_wconf 91' lang='lat' dir='ltr'><strong>animum</strong></span> 
     </span>
     <span class='ocr_line' id='line_1_14' title="bbox 696 1775 2745 1862; baseline -0.001 -20"><span class='ocrx_word' id='word_1_78' title='bbox 696 1777 1182 1862; x_wconf 90' lang='lat' dir='ltr'><strong>despondendo,</strong></span> <span class='ocrx_word' id='word_1_79' title='bbox 1214 1798 1332 1838; x_wconf 89' lang='lat' dir='ltr'><strong>nec</strong></span> <span class='ocrx_word' id='word_1_80' title='bbox 1372 1775 1453 1838; x_wconf 89' lang='lat' dir='ltr'><strong>ab</strong></span> <span class='ocrx_word' id='word_1_81' title='bbox 1484 1797 1583 1854; x_wconf 89' lang='lat' dir='ltr'><strong>e0,</strong></span> <span class='ocrx_word' id='word_1_82' title='bbox 1614 1776 1791 1859; x_wconf 90' lang='lat' dir='ltr'><strong>quod</strong></span> <span class='ocrx_word' id='word_1_83' title='bbox 1820 1777 2004 1853; x_wconf 91' lang='lat' dir='ltr'><strong>ratio,</strong></span> <span class='ocrx_word' id='word_1_84' title='bbox 2029 1787 2093 1839; x_wconf 91' lang='lat' dir='ltr'><strong>et</strong></span> <span class='ocrx_word' id='word_1_85' title='bbox 2124 1776 2416 1838; x_wconf 85' lang='lat' dir='ltr'><strong>divinum</strong></span> <span class='ocrx_word' id='word_1_86' title='bbox 2447 1777 2745 1860; x_wconf 89' lang='lat' dir='ltr'><strong>obsequi-</strong></span> 
     </span>
     <span class='ocr_line' id='line_1_15' title="bbox 695 1886 2741 1972; baseline -0.001 -20"><span class='ocrx_word' id='word_1_87' title='bbox 695 1912 806 1952; x_wconf 90' lang='lat' dir='ltr'><strong>um</strong></span> <span class='ocrx_word' id='word_1_88' title='bbox 836 1888 1145 1972; x_wconf 91' lang='lat' dir='ltr'><strong>postulat,</strong></span> <span class='ocrx_word' id='word_1_89' title='bbox 1176 1887 1324 1949; x_wconf 90' lang='lat' dir='ltr'><strong>ullis</strong></span> <span class='ocrx_word' id='word_1_90' title='bbox 1369 1908 1591 1950; x_wconf 90' lang='lat' dir='ltr'><strong>eorum</strong></span> <span class='ocrx_word' id='word_1_91' title='bbox 1635 1886 1957 1972; x_wconf 90' lang='lat' dir='ltr'><strong>precibus,</strong></span> <span class='ocrx_word' id='word_1_92' title='bbox 1990 1897 2102 1948; x_wconf 92' lang='lat' dir='ltr'><strong>aut</strong></span> <span class='ocrx_word' id='word_1_93' title='bbox 2140 1886 2335 1949; x_wconf 88' lang='lat' dir='ltr'><strong>minis</strong></span> <span class='ocrx_word' id='word_1_94' title='bbox 2368 1888 2644 1971; x_wconf 85' lang='lat' dir='ltr'><strong>separari</strong></span> <span class='ocrx_word' id='word_1_95' title='bbox 2676 1909 2741 1950; x_wconf 94' lang='lat' dir='ltr'><strong>se</strong></span> 
     </span>
     <span class='ocr_line' id='line_1_16' title="bbox 694 1991 2741 2082; baseline 0 -23"><span class='ocrx_word' id='word_1_96' title='bbox 694 1991 1006 2075; x_wconf 74' lang='lat' dir='ltr'><strong>sine&#39;nd03</strong></span> <span class='ocrx_word' id='word_1_97' title='bbox 1052 2008 1126 2059; x_wconf 93' lang='lat' dir='ltr'><strong>ut</strong></span> <span class='ocrx_word' id='word_1_98' title='bbox 1157 1995 1456 2059; x_wconf 91' lang='lat' dir='ltr'><strong>omnibus</strong></span> <span class='ocrx_word' id='word_1_99' title='bbox 1490 1997 1753 2059; x_wconf 91' lang='lat' dir='ltr'><strong>demum</strong></span> <span class='ocrx_word' id='word_1_100' title='bbox 1800 1996 2077 2073; x_wconf 87' lang='lat' dir='ltr'><strong>casibus,</strong></span> <span class='ocrx_word' id='word_1_101' title='bbox 2109 1996 2221 2079; x_wconf 90' lang='lat' dir='ltr'><strong>qui</strong></span> <span class='ocrx_word' id='word_1_102' title='bbox 2265 1996 2545 2060; x_wconf 88' lang='lat' dir='ltr'><strong>incidere</strong></span> <span class='ocrx_word' id='word_1_103' title='bbox 2590 2019 2741 2082; x_wconf 90' lang='lat' dir='ltr'><strong>pos-</strong></span> 
     </span>
     <span class='ocr_line' id='line_1_17' title="bbox 695 2106 2742 2191; baseline 0 -21"><span class='ocrx_word' id='word_1_104' title='bbox 695 2120 870 2185; x_wconf 89' lang='lat' dir='ltr'><strong>sunt,</strong></span> <span class='ocrx_word' id='word_1_105' title='bbox 924 2108 1007 2170; x_wconf 90' lang='lat' dir='ltr'><strong>sit</strong></span> <span class='ocrx_word' id='word_1_106' title='bbox 1069 2107 1358 2191; x_wconf 85' lang='lat' dir='ltr'><strong>superior</strong></span> <span class='ocrx_word' id='word_1_107' title='bbox 1376 2132 1395 2185; x_wconf 85' lang='lat'>3</span> <span class='ocrx_word' id='word_1_108' title='bbox 1459 2128 1578 2169; x_wconf 90' lang='lat' dir='ltr'><strong>nec</strong></span> <span class='ocrx_word' id='word_1_109' title='bbox 1630 2106 1956 2191; x_wconf 86' lang='lat' dir='ltr'><strong>prosperis</strong></span> <span class='ocrx_word' id='word_1_110' title='bbox 2011 2108 2239 2184; x_wconf 86' lang='lat' dir='ltr'><strong>efferri,</strong></span> <span class='ocrx_word' id='word_1_111' title='bbox 2293 2130 2411 2171; x_wconf 89' lang='lat' dir='ltr'><strong>nec</strong></span> <span class='ocrx_word' id='word_1_112' title='bbox 2459 2108 2742 2171; x_wconf 89' lang='lat' dir='ltr'><strong>adversis</strong></span> 
     </span>
     <span class='ocr_line' id='line_1_18' title="bbox 694 2216 2737 2302; baseline 0.001 -23"><span class='ocrx_word' id='word_1_113' title='bbox 694 2218 882 2301; x_wconf 89' lang='lat' dir='ltr'><strong>dejici</strong></span> <span class='ocrx_word' id='word_1_114' title='bbox 943 2217 1156 2279; x_wconf 91' lang='lat' dir='ltr'><strong>animo</strong></span> <span class='ocrx_word' id='word_1_115' title='bbox 1218 2238 1355 2280; x_wconf 90' lang='lat' dir='ltr'><strong>sese</strong></span> <span class='ocrx_word' id='word_1_116' title='bbox 1415 2216 1769 2300; x_wconf 90' lang='lat' dir='ltr'><strong>permittat,</strong></span> <span class='ocrx_word' id='word_1_117' title='bbox 1831 2217 2299 2301; x_wconf 89' lang='lat' dir='ltr'><strong>paratissimus,</strong></span> <span class='ocrx_word' id='word_1_118' title='bbox 2363 2218 2510 2281; x_wconf 72' lang='lat' dir='ltr'><strong>cum</strong></span> <span class='ocrx_word' id='word_1_119' title='bbox 2572 2240 2737 2302; x_wconf 94' lang='lat' dir='ltr'><strong>opus</strong></span> 
     </span>
     <span class='ocr_line' id='line_1_19' title="bbox 696 2326 2740 2411; baseline 0 -20"><span class='ocrx_word' id='word_1_120' title='bbox 696 2340 887 2406; x_wconf 91' lang='lat' dir='ltr'><strong>esset,</strong></span> <span class='ocrx_word' id='word_1_121' title='bbox 918 2327 1001 2389; x_wconf 89' lang='lat' dir='ltr'><strong>ad</strong></span> <span class='ocrx_word' id='word_1_122' title='bbox 1030 2339 1305 2390; x_wconf 87' lang='lat' dir='ltr'><strong>mortem</strong></span> <span class='ocrx_word' id='word_1_123' title='bbox 1335 2348 1454 2411; x_wconf 88' lang='lat' dir='ltr'><strong>pro</strong></span> <span class='ocrx_word' id='word_1_124' title='bbox 1488 2326 1829 2390; x_wconf 87' lang='lat' dir='ltr'><strong>Societatis</strong></span> <span class='ocrx_word' id='word_1_125' title='bbox 1860 2328 2032 2390; x_wconf 93' lang='lat' dir='ltr'><strong>bono</strong></span> <span class='ocrx_word' id='word_1_126' title='bbox 2063 2327 2132 2391; x_wconf 91' lang='lat' dir='ltr'><strong>in</strong></span> <span class='ocrx_word' id='word_1_127' title='bbox 2164 2328 2546 2411; x_wconf 87' lang='lat' dir='ltr'><strong>obsequium</strong></span> <span class='ocrx_word' id='word_1_128' title='bbox 2577 2329 2621 2393; x_wconf 89' lang='lat' dir='ltr'><strong>J</strong></span> <span class='ocrx_word' id='word_1_129' title='bbox 2625 2350 2740 2391; x_wconf 91' lang='lat' dir='ltr'><strong>esu</strong></span> 
     </span>
     <span class='ocr_line' id='line_1_20' title="bbox 696 2437 2199 2503; baseline -0.001 0"><span class='ocrx_word' id='word_1_130' title='bbox 696 2438 941 2503; x_wconf 89' lang='lat' dir='ltr'><strong>Christi</strong></span> <span class='ocrx_word' id='word_1_131' title='bbox 972 2438 1098 2501; x_wconf 91' lang='lat' dir='ltr'><strong>Dei</strong></span> <span class='ocrx_word' id='word_1_132' title='bbox 1130 2459 1203 2500; x_wconf 90' lang='lat' dir='ltr'><strong>ac</strong></span> <span class='ocrx_word' id='word_1_133' title='bbox 1234 2437 1505 2501; x_wconf 88' lang='lat' dir='ltr'><strong>Domini</strong></span> <span class='ocrx_word' id='word_1_134' title='bbox 1537 2438 1742 2501; x_wconf 88' lang='lat' dir='ltr'><strong>nostri</strong></span> <span class='ocrx_word' id='word_1_135' title='bbox 1773 2438 2199 2501; x_wconf 90' lang='lat' dir='ltr'><strong>subeundam.</strong></span> 
     </span>
    </p>

    <p class='ocr_par' dir='ltr' id='par_1_6' title="bbox 688 2549 2744 3515">
     <span class='ocr_line' id='line_1_21' title="bbox 692 2549 2743 2636; baseline -0 -21"><span class='ocrx_word' id='word_1_136' title='bbox 692 2552 910 2616; x_wconf 90' lang='lat' dir='ltr'><strong>Tertia</strong></span> <span class='ocrx_word' id='word_1_137' title='bbox 940 2558 1058 2629; x_wconf 92' lang='lat' dir='ltr'><strong>est,</strong></span> <span class='ocrx_word' id='word_1_138' title='bbox 1088 2558 1164 2613; x_wconf 90' lang='lat' dir='ltr'><strong>ut</strong></span> <span class='ocrx_word' id='word_1_139' title='bbox 1192 2550 1498 2635; x_wconf 78' lang='lat' dir='ltr'><strong>praeclaro</strong></span> <span class='ocrx_word' id='word_1_140' title='bbox 1528 2549 1918 2628; x_wconf 79' lang='lat' dir='ltr'><strong>intellectuS,</strong></span> <span class='ocrx_word' id='word_1_141' title='bbox 1949 2571 2023 2612; x_wconf 90' lang='lat' dir='ltr'><strong>ac</strong></span> <span class='ocrx_word' id='word_1_142' title='bbox 2058 2549 2290 2634; x_wconf 90' lang='lat' dir='ltr'><strong>judicii</strong></span> <span class='ocrx_word' id='word_1_143' title='bbox 2336 2552 2503 2614; x_wconf 92' lang='lat' dir='ltr'><strong>dono</strong></span> <span class='ocrx_word' id='word_1_144' title='bbox 2542 2551 2743 2636; x_wconf 94' lang='lat' dir='ltr'><strong>polle-</strong></span> 
     </span>
     <span class='ocr_line' id='line_1_22' title="bbox 694 2662 2744 2748; baseline -0 -21"><span class='ocrx_word' id='word_1_145' title='bbox 694 2676 802 2744; x_wconf 84' lang='lat' dir='ltr'><strong>at3</strong></span> <span class='ocrx_word' id='word_1_146' title='bbox 868 2675 943 2728; x_wconf 93' lang='lat' dir='ltr'><strong>ut</strong></span> <span class='ocrx_word' id='word_1_147' title='bbox 992 2686 1110 2727; x_wconf 89' lang='lat' dir='ltr'><strong>nec</strong></span> <span class='ocrx_word' id='word_1_148' title='bbox 1158 2663 1227 2726; x_wconf 90' lang='lat' dir='ltr'><strong>in</strong></span> <span class='ocrx_word' id='word_1_149' title='bbox 1273 2662 1467 2726; x_wconf 87' lang='lat' dir='ltr'><strong>rebus</strong></span> <span class='ocrx_word' id='word_1_150' title='bbox 1509 2663 1593 2725; x_wconf 89' lang='lat' dir='ltr'><strong>ad</strong></span> <span class='ocrx_word' id='word_1_151' title='bbox 1638 2662 2165 2746; x_wconf 87' lang='lat' dir='ltr'><strong>speculationem,</strong></span> <span class='ocrx_word' id='word_1_152' title='bbox 2202 2685 2322 2726; x_wconf 92' lang='lat' dir='ltr'><strong>nec</strong></span> <span class='ocrx_word' id='word_1_153' title='bbox 2367 2665 2450 2726; x_wconf 91' lang='lat' dir='ltr'><strong>ad</strong></span> <span class='ocrx_word' id='word_1_154' title='bbox 2492 2664 2744 2748; x_wconf 87' lang='lat' dir='ltr'><strong>praxim</strong></span> 
     </span>
     <span class='ocr_line' id='line_1_23' title="bbox 691 2774 2740 2859; baseline 0 -22"><span class='ocrx_word' id='word_1_155' title='bbox 691 2774 1188 2859; x_wconf 90' lang='lat' dir='ltr'><strong>pertinentibus,</strong></span> <span class='ocrx_word' id='word_1_156' title='bbox 1213 2796 1360 2857; x_wconf 88' lang='lat' dir='ltr'><strong>quae</strong></span> <span class='ocrx_word' id='word_1_157' title='bbox 1391 2774 1809 2851; x_wconf 88' lang='lat' dir='ltr'><strong>occurrerint,</strong></span> <span class='ocrx_word' id='word_1_158' title='bbox 1831 2774 1955 2835; x_wconf 92' lang='lat' dir='ltr'><strong>hoc</strong></span> <span class='ocrx_word' id='word_1_159' title='bbox 1987 2774 2229 2836; x_wconf 87' lang='lat' dir='ltr'><strong>talento</strong></span> <span class='ocrx_word' id='word_1_160' title='bbox 2254 2774 2339 2836; x_wconf 90' lang='lat' dir='ltr'><strong>sit</strong></span> <span class='ocrx_word' id='word_1_161' title='bbox 2370 2774 2740 2838; x_wconf 75' lang='lat' dir='ltr'><strong>destitutus·</strong></span> 
     </span>
     <span class='ocr_line' id='line_1_24' title="bbox 692 2883 2737 2968; baseline 0 -21"><span class='ocrx_word' id='word_1_162' title='bbox 692 2885 782 2948; x_wconf 86' lang='lat' dir='ltr'><strong>Et</strong></span> <span class='ocrx_word' id='word_1_163' title='bbox 831 2886 1102 2967; x_wconf 88' lang='lat' dir='ltr'><strong>quanvis</strong></span> <span class='ocrx_word' id='word_1_164' title='bbox 1164 2884 1459 2947; x_wconf 89' lang='lat' dir='ltr'><strong>doctrina</strong></span> <span class='ocrx_word' id='word_1_165' title='bbox 1517 2884 1702 2947; x_wconf 90' lang='lat' dir='ltr'><strong>valde</strong></span> <span class='ocrx_word' id='word_1_166' title='bbox 1756 2883 1814 2947; x_wconf 90' lang='lat' dir='ltr'><strong>ei</strong></span> <span class='ocrx_word' id='word_1_167' title='bbox 1869 2884 2227 2947; x_wconf 88' lang='lat' dir='ltr'><strong>necessaria</strong></span> <span class='ocrx_word' id='word_1_168' title='bbox 2287 2885 2391 2962; x_wconf 87' lang='lat' dir='ltr'><strong>sit,</strong></span> <span class='ocrx_word' id='word_1_169' title='bbox 2441 2885 2553 2968; x_wconf 88' lang='lat' dir='ltr'><strong>qui</strong></span> <span class='ocrx_word' id='word_1_170' title='bbox 2603 2892 2737 2949; x_wconf 92' lang='lat' dir='ltr'><strong>tam</strong></span> 
     </span>
     <span class='ocr_line' id='line_1_25' title="bbox 688 2994 2741 3077; baseline 0 -20"><span class='ocrx_word' id='word_1_171' title='bbox 688 2995 911 3057; x_wconf 91' lang='lat' dir='ltr'><strong>multis</strong></span> <span class='ocrx_word' id='word_1_172' title='bbox 946 2994 1100 3057; x_wconf 88' lang='lat' dir='ltr'><strong>viris</strong></span> <span class='ocrx_word' id='word_1_173' title='bbox 1151 2994 1418 3056; x_wconf 89' lang='lat' dir='ltr'><strong>eruditis</strong></span> <span class='ocrx_word' id='word_1_174' title='bbox 1471 3006 1570 3057; x_wconf 92' lang='lat' dir='ltr'><strong>est</strong></span> <span class='ocrx_word' id='word_1_175' title='bbox 1622 2994 2059 3077; x_wconf 81' lang='lat' dir='ltr'><strong>praefuturus3</strong></span> <span class='ocrx_word' id='word_1_176' title='bbox 2120 2995 2327 3077; x_wconf 91' lang='lat' dir='ltr'><strong>magis</strong></span> <span class='ocrx_word' id='word_1_177' title='bbox 2373 3005 2593 3058; x_wconf 91' lang='lat' dir='ltr'><strong>tamen</strong></span> <span class='ocrx_word' id='word_1_178' title='bbox 2643 3007 2741 3057; x_wconf 90' lang='lat' dir='ltr'><strong>est</strong></span> 
     </span>
     <span class='ocr_line' id='line_1_26' title="bbox 693 3103 2740 3188; baseline 0.001 -22"><span class='ocrx_word' id='word_1_179' title='bbox 693 3104 1049 3167; x_wconf 89' lang='lat' dir='ltr'><strong>necessaria</strong></span> <span class='ocrx_word' id='word_1_180' title='bbox 1076 3104 1442 3188; x_wconf 90' lang='lat' dir='ltr'><strong>prudentia,</strong></span> <span class='ocrx_word' id='word_1_181' title='bbox 1472 3116 1537 3167; x_wconf 92' lang='lat' dir='ltr'><strong>et</strong></span> <span class='ocrx_word' id='word_1_182' title='bbox 1566 3104 1637 3167; x_wconf 95' lang='lat' dir='ltr'><strong>in</strong></span> <span class='ocrx_word' id='word_1_183' title='bbox 1666 3104 1859 3167; x_wconf 90' lang='lat' dir='ltr'><strong>rebus</strong></span> <span class='ocrx_word' id='word_1_184' title='bbox 1893 3103 2333 3188; x_wconf 86' lang='lat' dir='ltr'><strong>spiritualibus</strong></span> <span class='ocrx_word' id='word_1_185' title='bbox 2374 3115 2438 3167; x_wconf 92' lang='lat' dir='ltr'><strong>et</strong></span> <span class='ocrx_word' id='word_1_186' title='bbox 2469 3105 2740 3168; x_wconf 90' lang='lat' dir='ltr'><strong>internis</strong></span> 
     </span>
     <span class='ocr_line' id='line_1_27' title="bbox 691 3213 2739 3300; baseline 0 -23"><span class='ocrx_word' id='word_1_187' title='bbox 691 3213 1057 3277; x_wconf 88' lang='lat' dir='ltr'><strong>exercitatio</strong></span> <span class='ocrx_word' id='word_1_188' title='bbox 1089 3216 1171 3277; x_wconf 90' lang='lat' dir='ltr'><strong>ad</strong></span> <span class='ocrx_word' id='word_1_189' title='bbox 1198 3215 1406 3277; x_wconf 87' lang='lat' dir='ltr'><strong>varios</strong></span> <span class='ocrx_word' id='word_1_190' title='bbox 1447 3214 1713 3300; x_wconf 89' lang='lat' dir='ltr'><strong>spiritus</strong></span> <span class='ocrx_word' id='word_1_191' title='bbox 1759 3215 2240 3292; x_wconf 90' lang='lat' dir='ltr'><strong>discernendos,</strong></span> <span class='ocrx_word' id='word_1_192' title='bbox 2272 3214 2354 3277; x_wconf 92' lang='lat' dir='ltr'><strong>ad</strong></span> <span class='ocrx_word' id='word_1_193' title='bbox 2399 3215 2739 3278; x_wconf 88' lang='lat' dir='ltr'><strong>consilium</strong></span> 
     </span>
     <span class='ocr_line' id='line_1_28' title="bbox 692 3325 2740 3409; baseline -0 -21"><span class='ocrx_word' id='word_1_194' title='bbox 692 3348 765 3388; x_wconf 90' lang='lat' dir='ltr'><strong>ac</strong></span> <span class='ocrx_word' id='word_1_195' title='bbox 795 3326 1150 3389; x_wconf 90' lang='lat' dir='ltr'><strong>remedium</strong></span> <span class='ocrx_word' id='word_1_196' title='bbox 1181 3337 1314 3389; x_wconf 91' lang='lat' dir='ltr'><strong>tam</strong></span> <span class='ocrx_word' id='word_1_197' title='bbox 1343 3325 1588 3403; x_wconf 90' lang='lat' dir='ltr'><strong>multis,</strong></span> <span class='ocrx_word' id='word_1_198' title='bbox 1619 3325 1731 3408; x_wconf 89' lang='lat' dir='ltr'><strong>qui</strong></span> <span class='ocrx_word' id='word_1_199' title='bbox 1761 3325 2252 3388; x_wconf 88' lang='lat' dir='ltr'><strong>necessitatibus</strong></span> <span class='ocrx_word' id='word_1_200' title='bbox 2298 3325 2740 3409; x_wconf 87' lang='lat' dir='ltr'><strong>spiritualibus</strong></span> 
     </span>
     <span class='ocr_line' id='line_1_29' title="bbox 690 3437 1591 3515; baseline -0.001 -16"><span class='ocrx_word' id='word_1_201' title='bbox 690 3437 1098 3515; x_wconf 88' lang='lat' dir='ltr'><strong>laborabunt,</strong></span> <span class='ocrx_word' id='word_1_202' title='bbox 1130 3437 1591 3500; x_wconf 88' lang='lat' dir='ltr'><strong>adhibendum.</strong></span> 
     </span>
    </p>

    <p class='ocr_par' dir='ltr' id='par_1_7' title="bbox 689 3544 2740 3960">
     <span class='ocr_line' id='line_1_30' title="bbox 691 3544 2738 3623; baseline -0.001 -14"><span class='ocrx_word' id='word_1_203' title='bbox 691 3547 1117 3609; x_wconf 89' lang='lat' dir='ltr'><strong>Discretionis</strong></span> <span class='ocrx_word' id='word_1_204' title='bbox 1148 3547 1341 3610; x_wconf 92' lang='lat' dir='ltr'><strong>etiam</strong></span> <span class='ocrx_word' id='word_1_205' title='bbox 1372 3546 1618 3609; x_wconf 91' lang='lat' dir='ltr'><strong>donum</strong></span> <span class='ocrx_word' id='word_1_206' title='bbox 1648 3546 1719 3608; x_wconf 91' lang='lat' dir='ltr'><strong>in</strong></span> <span class='ocrx_word' id='word_1_207' title='bbox 1747 3545 1941 3609; x_wconf 90' lang='lat' dir='ltr'><strong>rebus</strong></span> <span class='ocrx_word' id='word_1_208' title='bbox 1973 3544 2276 3623; x_wconf 84' lang='lat' dir='ltr'><strong>externis,</strong></span> <span class='ocrx_word' id='word_1_209' title='bbox 2308 3567 2383 3607; x_wconf 88' lang='lat' dir='ltr'><strong>ac</strong></span> <span class='ocrx_word' id='word_1_210' title='bbox 2413 3545 2605 3608; x_wconf 91' lang='lat' dir='ltr'><strong>modo</strong></span> <span class='ocrx_word' id='word_1_211' title='bbox 2636 3567 2738 3607; x_wconf 91' lang='lat' dir='ltr'><strong>res</strong></span> 
     </span>
     <span class='ocr_line' id='line_1_31' title="bbox 690 3654 2734 3733; baseline -0.001 -15"><span class='ocrx_word' id='word_1_212' title='bbox 690 3667 824 3718; x_wconf 90' lang='lat' dir='ltr'><strong>tam</strong></span> <span class='ocrx_word' id='word_1_213' title='bbox 883 3655 1088 3719; x_wconf 90' lang='lat' dir='ltr'><strong>varias</strong></span> <span class='ocrx_word' id='word_1_214' title='bbox 1149 3656 1486 3733; x_wconf 89' lang='lat' dir='ltr'><strong>tractandi,</strong></span> <span class='ocrx_word' id='word_1_215' title='bbox 1548 3668 1613 3719; x_wconf 94' lang='lat' dir='ltr'><strong>et</strong></span> <span class='ocrx_word' id='word_1_216' title='bbox 1673 3677 1822 3718; x_wconf 90' lang='lat' dir='ltr'><strong>cum</strong></span> <span class='ocrx_word' id='word_1_217' title='bbox 1883 3666 2018 3717; x_wconf 88' lang='lat' dir='ltr'><strong>tam</strong></span> <span class='ocrx_word' id='word_1_218' title='bbox 2079 3655 2345 3719; x_wconf 89' lang='lat' dir='ltr'><strong>diversis</strong></span> <span class='ocrx_word' id='word_1_219' title='bbox 2394 3654 2734 3718; x_wconf 89' lang='lat' dir='ltr'><strong>hominum</strong></span> 
     </span>
     <span class='ocr_line' id='line_1_32' title="bbox 692 3765 2740 3850; baseline 0 -22"><span class='ocrx_word' id='word_1_220' title='bbox 692 3766 1036 3850; x_wconf 90' lang='lat' dir='ltr'><strong>generibus</strong></span> <span class='ocrx_word' id='word_1_221' title='bbox 1066 3766 1134 3828; x_wconf 90' lang='lat' dir='ltr'><strong>in</strong></span> <span class='ocrx_word' id='word_1_222' title='bbox 1173 3766 1315 3849; x_wconf 89' lang='lat' dir='ltr'><strong>ipsa</strong></span> <span class='ocrx_word' id='word_1_223' title='bbox 1346 3765 1687 3843; x_wconf 86' lang='lat' dir='ltr'><strong>Societate,</strong></span> <span class='ocrx_word' id='word_1_224' title='bbox 1732 3777 1797 3828; x_wconf 92' lang='lat' dir='ltr'><strong>et</strong></span> <span class='ocrx_word' id='word_1_225' title='bbox 1842 3777 2022 3828; x_wconf 87' lang='lat' dir='ltr'><strong>extra</strong></span> <span class='ocrx_word' id='word_1_226' title='bbox 2063 3766 2239 3828; x_wconf 90' lang='lat' dir='ltr'><strong>illam</strong></span> <span class='ocrx_word' id='word_1_227' title='bbox 2285 3766 2518 3849; x_wconf 86' lang='lat' dir='ltr'><strong>agendi</strong></span> <span class='ocrx_word' id='word_1_228' title='bbox 2566 3788 2740 3830; x_wconf 91' lang='lat' dir='ltr'><strong>sum-</strong></span> 
     </span>
     <span class='ocr_line' id='line_1_33' title="bbox 689 3875 1678 3960; baseline -0.002 -21"><span class='ocrx_word' id='word_1_229' title='bbox 689 3897 949 3960; x_wconf 88' lang='lat' dir='ltr'><strong>mopere</strong></span> <span class='ocrx_word' id='word_1_230' title='bbox 981 3876 1102 3939; x_wconf 91' lang='lat' dir='ltr'><strong>erit</strong></span> <span class='ocrx_word' id='word_1_231' title='bbox 1132 3876 1191 3939; x_wconf 90' lang='lat' dir='ltr'><strong>ei</strong></span> <span class='ocrx_word' id='word_1_232' title='bbox 1221 3875 1678 3940; x_wconf 86' lang='lat' dir='ltr'><strong>necessarium.</strong></span> 
     </span>
    </p>

    <p class='ocr_par' dir='ltr' id='par_1_8' title="bbox 689 3984 2743 4180">
     <span class='ocr_line' id='line_1_34' title="bbox 692 3984 2740 4069; baseline -0.002 -19"><span class='ocrx_word' id='word_1_233' title='bbox 692 3987 942 4050; x_wconf 74' lang='lat' dir='ltr'><strong>Quarta</strong></span> <span class='ocrx_word' id='word_1_234' title='bbox 980 3997 1045 4048; x_wconf 91' lang='lat' dir='ltr'><strong>et</strong></span> <span class='ocrx_word' id='word_1_235' title='bbox 1092 3985 1156 4047; x_wconf 90' lang='lat' dir='ltr'><strong>in</strong></span> <span class='ocrx_word' id='word_1_236' title='bbox 1209 3986 1435 4069; x_wconf 91' lang='lat' dir='ltr'><strong>primis</strong></span> <span class='ocrx_word' id='word_1_237' title='bbox 1488 3985 1846 4050; x_wconf 88' lang='lat' dir='ltr'><strong>necessaria</strong></span> <span class='ocrx_word' id='word_1_238' title='bbox 1890 3985 1972 4047; x_wconf 89' lang='lat' dir='ltr'><strong>ad</strong></span> <span class='ocrx_word' id='word_1_239' title='bbox 2014 4006 2116 4048; x_wconf 89' lang='lat' dir='ltr'><strong>res</strong></span> <span class='ocrx_word' id='word_1_240' title='bbox 2164 3984 2597 4048; x_wconf 89' lang='lat' dir='ltr'><strong>conficiendas</strong></span> <span class='ocrx_word' id='word_1_241' title='bbox 2641 3990 2740 4046; x_wconf 90' lang='lat' dir='ltr'><strong>est</strong></span> 
     </span>
     <span class='ocr_line' id='line_1_35' title="bbox 689 4095 2743 4180; baseline -0 -23"><span class='ocrx_word' id='word_1_242' title='bbox 689 4095 1041 4177; x_wconf 87' lang='lat' dir='ltr'><strong>vigilantia,</strong></span> <span class='ocrx_word' id='word_1_243' title='bbox 1072 4107 1137 4158; x_wconf 92' lang='lat' dir='ltr'><strong>et</strong></span> <span class='ocrx_word' id='word_1_244' title='bbox 1168 4096 1531 4160; x_wconf 88' lang='lat' dir='ltr'><strong>sollicitudo</strong></span> <span class='ocrx_word' id='word_1_245' title='bbox 1563 4097 1646 4159; x_wconf 90' lang='lat' dir='ltr'><strong>ad</strong></span> <span class='ocrx_word' id='word_1_246' title='bbox 1691 4119 1796 4160; x_wconf 90' lang='lat' dir='ltr'><strong>eas</strong></span> <span class='ocrx_word' id='word_1_247' title='bbox 1842 4095 2266 4180; x_wconf 89' lang='lat' dir='ltr'><strong>incipiendas,</strong></span> <span class='ocrx_word' id='word_1_248' title='bbox 2299 4108 2365 4159; x_wconf 92' lang='lat' dir='ltr'><strong>et</strong></span> <span class='ocrx_word' id='word_1_249' title='bbox 2397 4095 2743 4159; x_wconf 88' lang='lat' dir='ltr'><strong>strenuitas</strong></span> 
     </span>
    </p>
   </div>
  </div>
 </body>
</html>
