<?xml version="1.0" encoding="UTF-8"?>
<!DOCTYPE html PUBLIC "-//W3C//DTD XHTML 1.0 Transitional//EN"
    "http://www.w3.org/TR/xhtml1/DTD/xhtml1-transitional.dtd">
<html xmlns="http://www.w3.org/1999/xhtml" xml:lang="en" lang="en">
 <head>
  <title>
</title>
<meta http-equiv="Content-Type" content="text/html;charset=utf-8" />
  <meta name='ocr-system' content='tesseract 3.04.00' />
  <meta name='ocr-capabilities' content='ocr_page ocr_carea ocr_par ocr_line ocrx_word'/>
</head>
<body>
  <div class='ocr_page' id='page_1' title='image "./constitutioness02jesugoog_0139.png"; bbox 0 0 3146 5014; ppageno 0'>
   <div class='ocr_carea' id='block_1_1' title="bbox 1275 471 2586 532">
    <p class='ocr_par' dir='ltr' id='par_1_1' title="bbox 1275 471 2586 532">
     <span class='ocr_line' id='line_1_1' title="bbox 1275 471 2586 532; baseline -0.005 0"><span class='ocrx_word' id='word_1_1' title='bbox 1275 488 1458 532; x_wconf 73' lang='lat' dir='ltr'>PAas</span> <span class='ocrx_word' id='word_1_2' title='bbox 1509 486 1737 531; x_wconf 83' lang='lat' dir='ltr'>NONA.</span> <span class='ocrx_word' id='word_1_3' title='bbox 2469 471 2586 526; x_wconf 82' lang='grc'>121</span> 
     </span>
    </p>
   </div>
   <div class='ocr_carea' id='block_1_2' title="bbox 414 650 2606 4289">
    <p class='ocr_par' dir='ltr' id='par_1_2' title="bbox 526 650 2596 1295">
     <span class='ocr_line' id='line_1_2' title="bbox 535 650 2594 741; baseline -0.002 -22"><span class='ocrx_word' id='word_1_4' title='bbox 535 655 1036 741; x_wconf 88' lang='lat' dir='ltr'>pertinentibus,</span> <span class='ocrx_word' id='word_1_5' title='bbox 1082 676 1229 739; x_wconf 85' lang='lat' dir='ltr'>quae</span> <span class='ocrx_word' id='word_1_6' title='bbox 1274 655 1565 719; x_wconf 88' lang='lat' dir='ltr'>altiorem</span> <span class='ocrx_word' id='word_1_7' title='bbox 1612 653 2191 718; x_wconf 85' lang='lat' dir='ltr'><strong>considerationem</strong></span> <span class='ocrx_word' id='word_1_8' title='bbox 2233 650 2594 736; x_wconf 86' lang='lat' dir='ltr'>postulant,</span> 
     </span>
     <span class='ocr_line' id='line_1_3' title="bbox 526 763 2593 853; baseline -0.002 -23"><span class='ocrx_word' id='word_1_9' title='bbox 526 768 753 853; x_wconf 88' lang='lat' dir='ltr'>juvare</span> <span class='ocrx_word' id='word_1_10' title='bbox 788 767 1220 853; x_wconf 72' lang='lat' dir='ltr'>Praepositum</span> <span class='ocrx_word' id='word_1_11' title='bbox 1252 789 1334 839; x_wconf 38' lang='lat' dir='ltr'>ac.</span> <span class='ocrx_word' id='word_1_12' title='bbox 1359 767 1694 831; x_wconf 88' lang='lat' dir='ltr'>sublevare</span> <span class='ocrx_word' id='word_1_13' title='bbox 1726 765 1988 831; x_wconf 89' lang='lat' dir='ltr'>debent.</span> <span class='ocrx_word' id='word_1_14' title='bbox 2082 766 2324 829; x_wconf 86' lang='lat' dir='ltr'>Praeter</span> <span class='ocrx_word' id='word_1_15' title='bbox 2366 763 2436 825; x_wconf 91' lang='lat' dir='ltr'>id</span> <span class='ocrx_word' id='word_1_16' title='bbox 2481 786 2593 826; x_wconf 92' lang='lat' dir='ltr'>au-</span> 
     </span>
     <span class='ocr_line' id='line_1_4' title="bbox 538 875 2596 961; baseline -0.002 -19"><span class='ocrx_word' id='word_1_17' title='bbox 538 888 695 958; x_wconf 90' lang='lat' dir='ltr'>tem,</span> <span class='ocrx_word' id='word_1_18' title='bbox 748 887 813 942; x_wconf 94' lang='lat' dir='ltr'>et</span> <span class='ocrx_word' id='word_1_19' title='bbox 865 879 1043 961; x_wconf 90' lang='lat' dir='ltr'>quod</span> <span class='ocrx_word' id='word_1_20' title='bbox 1100 878 1294 942; x_wconf 91' lang='lat' dir='ltr'>rebus</span> <span class='ocrx_word' id='word_1_21' title='bbox 1346 878 1569 941; x_wconf 86' lang='lat' dir='ltr'>multis</span> <span class='ocrx_word' id='word_1_22' title='bbox 1624 876 1857 940; x_wconf 90' lang='lat' dir='ltr'>melius</span> <span class='ocrx_word' id='word_1_23' title='bbox 1904 875 2226 961; x_wconf 85' lang='lat' dir='ltr'>provideri</span> <span class='ocrx_word' id='word_1_24' title='bbox 2283 897 2402 959; x_wconf 92' lang='lat' dir='ltr'>per</span> <span class='ocrx_word' id='word_1_25' title='bbox 2451 875 2596 938; x_wconf 85' lang='lat' dir='ltr'>illos</span> 
     </span>
     <span class='ocr_line' id='line_1_5' title="bbox 539 986 2596 1073; baseline 0 -22"><span class='ocrx_word' id='word_1_26' title='bbox 539 989 799 1073; x_wconf 92' lang='lat' dir='ltr'>poterit,</span> <span class='ocrx_word' id='word_1_27' title='bbox 828 988 1297 1072; x_wconf 79' lang='lat' dir='ltr'>praedicationi,</span> <span class='ocrx_word' id='word_1_28' title='bbox 1341 988 1625 1066; x_wconf 90' lang='lat' dir='ltr'>lectioni,</span> <span class='ocrx_word' id='word_1_29' title='bbox 1673 986 2187 1051; x_wconf 84' lang='lat' dir='ltr'>confessionibus</span> <span class='ocrx_word' id='word_1_30' title='bbox 2233 987 2596 1069; x_wconf 87' lang='lat' dir='ltr'>audiendis,</span> 
     </span>
     <span class='ocr_line' id='line_1_6' title="bbox 540 1098 2596 1183; baseline 0.001 -22"><span class='ocrx_word' id='word_1_31' title='bbox 540 1106 606 1161; x_wconf 93' lang='lat' dir='ltr'>et</span> <span class='ocrx_word' id='word_1_32' title='bbox 635 1098 773 1161; x_wconf 85' lang='lat' dir='ltr'>aliis</span> <span class='ocrx_word' id='word_1_33' title='bbox 802 1098 992 1162; x_wconf 92' lang='lat' dir='ltr'>bonis</span> <span class='ocrx_word' id='word_1_34' title='bbox 1023 1121 1098 1162; x_wconf 92' lang='lat' dir='ltr'>ac</span> <span class='ocrx_word' id='word_1_35' title='bbox 1128 1099 1255 1183; x_wconf 91' lang='lat' dir='ltr'>piis</span> <span class='ocrx_word' id='word_1_36' title='bbox 1286 1099 1592 1183; x_wconf 86' lang='lat' dir='ltr'>operibus</span> <span class='ocrx_word' id='word_1_37' title='bbox 1637 1099 1720 1161; x_wconf 90' lang='lat' dir='ltr'>ad</span> <span class='ocrx_word' id='word_1_38' title='bbox 1750 1098 1879 1162; x_wconf 92' lang='lat' dir='ltr'>Dei</span> <span class='ocrx_word' id='word_1_39' title='bbox 1922 1098 2192 1182; x_wconf 85' lang='lat' dir='ltr'>gloriam</span> <span class='ocrx_word' id='word_1_40' title='bbox 2237 1110 2303 1162; x_wconf 92' lang='lat' dir='ltr'>et</span> <span class='ocrx_word' id='word_1_41' title='bbox 2349 1099 2596 1163; x_wconf 90' lang='lat' dir='ltr'>anima-</span> 
     </span>
     <span class='ocr_line' id='line_1_7' title="bbox 537 1209 1638 1295; baseline 0.002 -24"><span class='ocrx_word' id='word_1_42' title='bbox 537 1231 684 1271; x_wconf 92' lang='lat' dir='ltr'>rum</span> <span class='ocrx_word' id='word_1_43' title='bbox 712 1209 1023 1272; x_wconf 83' lang='lat' dir='ltr'>auxilium</span> <span class='ocrx_word' id='word_1_44' title='bbox 1051 1231 1275 1274; x_wconf 91' lang='lat' dir='ltr'>vacare</span> <span class='ocrx_word' id='word_1_45' title='bbox 1305 1221 1638 1295; x_wconf 90' lang='lat' dir='ltr'>poterunt.</span> 
     </span>
    </p>

    <p class='ocr_par' dir='ltr' id='par_1_3' title="bbox 414 1320 2600 1939">
     <span class='ocr_line' id='line_1_8' title="bbox 414 1320 2593 1406; baseline 0.001 -22"><span class='ocrx_word' id='word_1_46' title='bbox 414 1328 486 1384; x_wconf 97' lang='grc'>11</span> <span class='ocrx_word' id='word_1_47' title='bbox 537 1322 828 1385; x_wconf 91' lang='lat' dir='ltr'>Numero</span> <span class='ocrx_word' id='word_1_48' title='bbox 897 1333 1115 1385; x_wconf 90' lang='lat' dir='ltr'>autem</span> <span class='ocrx_word' id='word_1_49' title='bbox 1188 1320 1565 1406; x_wconf 87' lang='lat' dir='ltr'>hujusmodi</span> <span class='ocrx_word' id='word_1_50' title='bbox 1639 1321 2014 1384; x_wconf 83' lang='lat' dir='ltr'>assistentes</span> <span class='ocrx_word' id='word_1_51' title='bbox 2074 1342 2251 1385; x_wconf 91' lang='lat' dir='ltr'>nunc</span> <span class='ocrx_word' id='word_1_52' title='bbox 2331 1322 2593 1406; x_wconf 88' lang='lat' dir='ltr'>quidem</span> 
     </span>
     <span class='ocr_line' id='line_1_9' title="bbox 540 1431 2597 1516; baseline 0.002 -23"><span class='ocrx_word' id='word_1_53' title='bbox 540 1443 819 1515; x_wconf 90' lang='lat' dir='ltr'>quatuor</span> <span class='ocrx_word' id='word_1_54' title='bbox 870 1443 1099 1509; x_wconf 81' lang='lat' dir='ltr'>erunt3</span> <span class='ocrx_word' id='word_1_55' title='bbox 1175 1442 1240 1495; x_wconf 98' lang='lat' dir='ltr'>et</span> <span class='ocrx_word' id='word_1_56' title='bbox 1289 1432 1551 1516; x_wconf 91' lang='lat' dir='ltr'>quidem</span> <span class='ocrx_word' id='word_1_57' title='bbox 1612 1431 1707 1494; x_wconf 93' lang='lat' dir='ltr'>illi</span> <span class='ocrx_word' id='word_1_58' title='bbox 1757 1431 1885 1515; x_wconf 92' lang='lat' dir='ltr'>ipsi</span> <span class='ocrx_word' id='word_1_59' title='bbox 1937 1453 2076 1495; x_wconf 88' lang='lat' dir='ltr'>esse</span> <span class='ocrx_word' id='word_1_60' title='bbox 2135 1440 2467 1516; x_wconf 90' lang='lat' dir='ltr'>poterunt,</span> <span class='ocrx_word' id='word_1_61' title='bbox 2517 1435 2597 1498; x_wconf 93' lang='lat' dir='ltr'>de</span> 
     </span>
     <span class='ocr_line' id='line_1_10' title="bbox 542 1543 2597 1628; baseline 0.002 -22"><span class='ocrx_word' id='word_1_62' title='bbox 542 1543 779 1625; x_wconf 88' lang='lat' dir='ltr'>quibus</span> <span class='ocrx_word' id='word_1_63' title='bbox 810 1544 1108 1628; x_wconf 90' lang='lat' dir='ltr'>superius</span> <span class='ocrx_word' id='word_1_64' title='bbox 1138 1544 1379 1628; x_wconf 83' lang='lat' dir='ltr'>pagina</span> <span class='ocrx_word' id='word_1_65' title='bbox 1413 1551 1532 1608; x_wconf 87' lang='lat'>115</span> <span class='ocrx_word' id='word_1_66' title='bbox 1570 1543 1819 1607; x_wconf 92' lang='lat' dir='ltr'>dictum</span> <span class='ocrx_word' id='word_1_67' title='bbox 1851 1555 1970 1607; x_wconf 87' lang='lat' dir='ltr'>est.</span> <span class='ocrx_word' id='word_1_68' title='bbox 2054 1543 2349 1609; x_wconf 73' lang='lat' dir='ltr'>Quanvis</span> <span class='ocrx_word' id='word_1_69' title='bbox 2380 1557 2597 1610; x_wconf 87' lang='lat' dir='ltr'>autem</span> 
     </span>
     <span class='ocr_line' id='line_1_11' title="bbox 540 1653 2598 1739; baseline 0.002 -24"><span class='ocrx_word' id='word_1_70' title='bbox 540 1674 643 1717; x_wconf 90' lang='lat' dir='ltr'>res</span> <span class='ocrx_word' id='word_1_71' title='bbox 694 1654 1018 1739; x_wconf 85' lang='lat' dir='ltr'>graviores</span> <span class='ocrx_word' id='word_1_72' title='bbox 1067 1675 1218 1717; x_wconf 91' lang='lat' dir='ltr'>cum</span> <span class='ocrx_word' id='word_1_73' title='bbox 1268 1654 1360 1717; x_wconf 93' lang='lat' dir='ltr'>eis</span> <span class='ocrx_word' id='word_1_74' title='bbox 1409 1654 1762 1717; x_wconf 86' lang='lat' dir='ltr'>tractandae</span> <span class='ocrx_word' id='word_1_75' title='bbox 1812 1653 1965 1732; x_wconf 89' lang='lat' dir='ltr'>sint,</span> <span class='ocrx_word' id='word_1_76' title='bbox 2016 1655 2344 1718; x_wconf 89' lang='lat' dir='ltr'>statuendi</span> <span class='ocrx_word' id='word_1_77' title='bbox 2379 1667 2598 1719; x_wconf 89' lang='lat' dir='ltr'>tamen</span> 
     </span>
     <span class='ocr_line' id='line_1_12' title="bbox 539 1765 2600 1851; baseline 0.001 -23"><span class='ocrx_word' id='word_1_78' title='bbox 539 1765 835 1844; x_wconf 78' lang='lat' dir='ltr'>facultaS,</span> <span class='ocrx_word' id='word_1_79' title='bbox 853 1766 1202 1851; x_wconf 71' lang='lat' dir='ltr'>postquam</span> <span class='ocrx_word' id='word_1_80' title='bbox 1234 1787 1343 1829; x_wconf 93' lang='lat' dir='ltr'>eos</span> <span class='ocrx_word' id='word_1_81' title='bbox 1375 1765 1671 1843; x_wconf 91' lang='lat' dir='ltr'>audierit,</span> <span class='ocrx_word' id='word_1_82' title='bbox 1690 1786 1892 1850; x_wconf 91' lang='lat' dir='ltr'>penes</span> <span class='ocrx_word' id='word_1_83' title='bbox 1925 1765 2356 1850; x_wconf 78' lang='lat' dir='ltr'>Praepositum</span> <span class='ocrx_word' id='word_1_84' title='bbox 2383 1767 2600 1831; x_wconf 89' lang='lat' dir='ltr'>Gene-</span> 
     </span>
     <span class='ocr_line' id='line_1_13' title="bbox 546 1876 917 1939; baseline 0 0"><span class='ocrx_word' id='word_1_85' title='bbox 546 1877 745 1939; x_wconf 87' lang='lat' dir='ltr'>ralem</span> <span class='ocrx_word' id='word_1_86' title='bbox 776 1876 917 1939; x_wconf 89' lang='lat' dir='ltr'>erit.</span> 
     </span>
    </p>

    <p class='ocr_par' dir='ltr' id='par_1_4' title="bbox 420 1986 2602 3401">
     <span class='ocr_line' id='line_1_14' title="bbox 420 1986 2601 2071; baseline 0.001 -22"><span class='ocrx_word' id='word_1_87' title='bbox 420 1994 497 2050; x_wconf 82' lang='lat'>12</span> <span class='ocrx_word' id='word_1_88' title='bbox 545 1986 627 2050; x_wconf 89' lang='lat' dir='ltr'>In</span> <span class='ocrx_word' id='word_1_89' title='bbox 657 1987 846 2050; x_wconf 90' lang='lat' dir='ltr'>tertio</span> <span class='ocrx_word' id='word_1_90' title='bbox 877 1987 1137 2067; x_wconf 90' lang='lat' dir='ltr'>auxilio,</span> <span class='ocrx_word' id='word_1_91' title='bbox 1166 1986 1465 2051; x_wconf 88' lang='lat' dir='ltr'>videlicet</span> <span class='ocrx_word' id='word_1_92' title='bbox 1496 1986 1848 2071; x_wconf 73' lang='lat' dir='ltr'>diligentiae</span> <span class='ocrx_word' id='word_1_93' title='bbox 1891 1988 1974 2049; x_wconf 89' lang='lat' dir='ltr'>ad</span> <span class='ocrx_word' id='word_1_94' title='bbox 2017 1989 2468 2070; x_wconf 88' lang='lat' dir='ltr'>exequendum</span> <span class='ocrx_word' id='word_1_95' title='bbox 2498 1988 2601 2051; x_wconf 85' lang='lat' dir='ltr'>vel</span> 
     </span>
     <span class='ocr_line' id='line_1_15' title="bbox 543 2097 2602 2183; baseline 0.001 -22"><span class='ocrx_word' id='word_1_96' title='bbox 543 2098 1002 2182; x_wconf 91' lang='lat' dir='ltr'>complendum</span> <span class='ocrx_word' id='word_1_97' title='bbox 1051 2099 1229 2183; x_wconf 90' lang='lat' dir='ltr'>quod</span> <span class='ocrx_word' id='word_1_98' title='bbox 1286 2099 1371 2161; x_wconf 92' lang='lat' dir='ltr'>ad</span> <span class='ocrx_word' id='word_1_99' title='bbox 1427 2120 1530 2161; x_wconf 92' lang='lat' dir='ltr'>res</span> <span class='ocrx_word' id='word_1_100' title='bbox 1594 2097 1902 2162; x_wconf 89' lang='lat' dir='ltr'>Societati</span> <span class='ocrx_word' id='word_1_101' title='bbox 1962 2098 2351 2162; x_wconf 87' lang='lat' dir='ltr'>necessarias</span> <span class='ocrx_word' id='word_1_102' title='bbox 2405 2099 2602 2163; x_wconf 90' lang='lat' dir='ltr'>fuerit</span> 
     </span>
     <span class='ocr_line' id='line_1_16' title="bbox 544 2208 2601 2293; baseline 0 -22"><span class='ocrx_word' id='word_1_103' title='bbox 544 2208 995 2287; x_wconf 90' lang='lat' dir='ltr'>constitutum,</span> <span class='ocrx_word' id='word_1_104' title='bbox 1041 2208 1406 2292; x_wconf 91' lang='lat' dir='ltr'>cujusmodi</span> <span class='ocrx_word' id='word_1_105' title='bbox 1451 2219 1670 2272; x_wconf 87' lang='lat' dir='ltr'>essent</span> <span class='ocrx_word' id='word_1_106' title='bbox 1715 2208 1997 2292; x_wconf 90' lang='lat' dir='ltr'>negotia,</span> <span class='ocrx_word' id='word_1_107' title='bbox 2048 2231 2194 2293; x_wconf 88' lang='lat' dir='ltr'>quae</span> <span class='ocrx_word' id='word_1_108' title='bbox 2240 2210 2321 2271; x_wconf 88' lang='lat' dir='ltr'>ad</span> <span class='ocrx_word' id='word_1_109' title='bbox 2374 2210 2601 2274; x_wconf 91' lang='lat' dir='ltr'>domos</span> 
     </span>
     <span class='ocr_line' id='line_1_17' title="bbox 544 2319 2601 2404; baseline 0 -22"><span class='ocrx_word' id='word_1_110' title='bbox 544 2319 645 2383; x_wconf 87' lang='lat' dir='ltr'>vel</span> <span class='ocrx_word' id='word_1_111' title='bbox 690 2319 958 2404; x_wconf 90' lang='lat' dir='ltr'>collegia</span> <span class='ocrx_word' id='word_1_112' title='bbox 1000 2319 1350 2404; x_wconf 85' lang='lat' dir='ltr'>pertinent,</span> <span class='ocrx_word' id='word_1_113' title='bbox 1396 2319 1719 2403; x_wconf 85' lang='lat' dir='ltr'>expedire,</span> <span class='ocrx_word' id='word_1_114' title='bbox 1763 2331 1905 2383; x_wconf 94' lang='lat' dir='ltr'>tum</span> <span class='ocrx_word' id='word_1_115' title='bbox 1938 2319 2136 2383; x_wconf 91' lang='lat' dir='ltr'>etiam</span> <span class='ocrx_word' id='word_1_116' title='bbox 2168 2341 2312 2404; x_wconf 88' lang='lat' dir='ltr'>quae</span> <span class='ocrx_word' id='word_1_117' title='bbox 2343 2319 2601 2384; x_wconf 92' lang='lat' dir='ltr'>illorum</span> 
     </span>
     <span class='ocr_line' id='line_1_18' title="bbox 547 2430 2600 2515; baseline 0 -22"><span class='ocrx_word' id='word_1_118' title='bbox 547 2440 721 2511; x_wconf 88' lang='lat' dir='ltr'>sunt,</span> <span class='ocrx_word' id='word_1_119' title='bbox 771 2430 1147 2494; x_wconf 84' lang='lat' dir='ltr'>defendere:</span> <span class='ocrx_word' id='word_1_120' title='bbox 1216 2441 1280 2493; x_wconf 92' lang='lat' dir='ltr'>et</span> <span class='ocrx_word' id='word_1_121' title='bbox 1333 2430 1690 2515; x_wconf 86' lang='lat' dir='ltr'>generatim</span> <span class='ocrx_word' id='word_1_122' title='bbox 1751 2431 1833 2492; x_wconf 89' lang='lat' dir='ltr'>ad</span> <span class='ocrx_word' id='word_1_123' title='bbox 1883 2452 1987 2493; x_wconf 90' lang='lat' dir='ltr'>res</span> <span class='ocrx_word' id='word_1_124' title='bbox 2040 2451 2265 2493; x_wconf 90' lang='lat' dir='ltr'>omnes</span> <span class='ocrx_word' id='word_1_125' title='bbox 2320 2431 2600 2515; x_wconf 85' lang='lat' dir='ltr'>agendas</span> 
     </span>
     <span class='ocr_line' id='line_1_19' title="bbox 544 2540 2602 2621; baseline -0 -16"><span class='ocrx_word' id='word_1_126' title='bbox 544 2543 826 2605; x_wconf 84' lang='lat' dir='ltr'>multum</span> <span class='ocrx_word' id='word_1_127' title='bbox 856 2543 1164 2621; x_wconf 85' lang='lat' dir='ltr'>conferet,</span> <span class='ocrx_word' id='word_1_128' title='bbox 1193 2542 1392 2605; x_wconf 90' lang='lat' dir='ltr'>immo</span> <span class='ocrx_word' id='word_1_129' title='bbox 1438 2541 1874 2605; x_wconf 87' lang='lat' dir='ltr'>necessarium</span> <span class='ocrx_word' id='word_1_130' title='bbox 1919 2553 2019 2604; x_wconf 89' lang='lat' dir='ltr'>est</span> <span class='ocrx_word' id='word_1_131' title='bbox 2062 2540 2256 2603; x_wconf 90' lang='lat' dir='ltr'>unius</span> <span class='ocrx_word' id='word_1_132' title='bbox 2290 2541 2602 2604; x_wconf 86' lang='lat' dir='ltr'>Procura-</span> 
     </span>
     <span class='ocr_line' id='line_1_20' title="bbox 543 2649 2601 2737; baseline 0 -22"><span class='ocrx_word' id='word_1_133' title='bbox 543 2652 703 2716; x_wconf 92' lang='lat' dir='ltr'>toris</span> <span class='ocrx_word' id='word_1_134' title='bbox 747 2652 1062 2737; x_wconf 88' lang='lat' dir='ltr'>generalis</span> <span class='ocrx_word' id='word_1_135' title='bbox 1105 2651 1445 2715; x_wconf 89' lang='lat' dir='ltr'>Societatis</span> <span class='ocrx_word' id='word_1_136' title='bbox 1489 2650 1844 2729; x_wconf 83' lang='lat' dir='ltr'>auxilium3</span> <span class='ocrx_word' id='word_1_137' title='bbox 1916 2650 2029 2734; x_wconf 89' lang='lat' dir='ltr'>qui</span> <span class='ocrx_word' id='word_1_138' title='bbox 2066 2649 2327 2735; x_wconf 87' lang='lat' dir='ltr'>quidem</span> <span class='ocrx_word' id='word_1_139' title='bbox 2376 2651 2601 2715; x_wconf 86' lang='lat' dir='ltr'>Romae</span> 
     </span>
     <span class='ocr_line' id='line_1_21' title="bbox 543 2762 2602 2848; baseline -0.001 -20"><span class='ocrx_word' id='word_1_140' title='bbox 543 2764 840 2843; x_wconf 88' lang='lat' dir='ltr'>resideat,</span> <span class='ocrx_word' id='word_1_141' title='bbox 899 2786 974 2827; x_wconf 91' lang='lat' dir='ltr'>ac</span> <span class='ocrx_word' id='word_1_142' title='bbox 1032 2763 1399 2848; x_wconf 90' lang='lat' dir='ltr'>prudentia,</span> <span class='ocrx_word' id='word_1_143' title='bbox 1475 2762 1808 2840; x_wconf 88' lang='lat' dir='ltr'>fidelitate,</span> <span class='ocrx_word' id='word_1_144' title='bbox 1868 2773 1934 2826; x_wconf 92' lang='lat' dir='ltr'>et</span> <span class='ocrx_word' id='word_1_145' title='bbox 2010 2762 2389 2828; x_wconf 86' lang='lat' dir='ltr'>dexteritate</span> <span class='ocrx_word' id='word_1_146' title='bbox 2451 2786 2602 2827; x_wconf 92' lang='lat' dir='ltr'>cum</span> 
     </span>
     <span class='ocr_line' id='line_1_22' title="bbox 546 2873 2602 2959; baseline 0 -22"><span class='ocrx_word' id='word_1_147' title='bbox 546 2875 921 2939; x_wconf 92' lang='lat' dir='ltr'>hominibus</span> <span class='ocrx_word' id='word_1_148' title='bbox 953 2874 1207 2958; x_wconf 88' lang='lat' dir='ltr'>agendi,</span> <span class='ocrx_word' id='word_1_149' title='bbox 1239 2885 1303 2938; x_wconf 92' lang='lat' dir='ltr'>et</span> <span class='ocrx_word' id='word_1_150' title='bbox 1335 2874 1639 2938; x_wconf 92' lang='lat' dir='ltr'>omnibus</span> <span class='ocrx_word' id='word_1_151' title='bbox 1686 2873 1824 2937; x_wconf 88' lang='lat' dir='ltr'>aliis</span> <span class='ocrx_word' id='word_1_152' title='bbox 1872 2874 2133 2938; x_wconf 94' lang='lat' dir='ltr'>dotibus</span> <span class='ocrx_word' id='word_1_153' title='bbox 2176 2875 2438 2959; x_wconf 88' lang='lat' dir='ltr'>polleat,</span> <span class='ocrx_word' id='word_1_154' title='bbox 2469 2898 2602 2940; x_wconf 92' lang='lat' dir='ltr'>non</span> 
     </span>
     <span class='ocr_line' id='line_1_23' title="bbox 545 2984 2602 3071; baseline 0.001 -23"><span class='ocrx_word' id='word_1_155' title='bbox 545 2997 764 3049; x_wconf 89' lang='lat' dir='ltr'>tamen</span> <span class='ocrx_word' id='word_1_156' title='bbox 797 2984 1133 3049; x_wconf 90' lang='lat' dir='ltr'>Professus</span> <span class='ocrx_word' id='word_1_157' title='bbox 1166 2985 1271 3065; x_wconf 92' lang='lat' dir='ltr'>sit,</span> <span class='ocrx_word' id='word_1_158' title='bbox 1303 3006 1422 3048; x_wconf 94' lang='lat' dir='ltr'>nec</span> <span class='ocrx_word' id='word_1_159' title='bbox 1462 2985 1530 3048; x_wconf 92' lang='lat' dir='ltr'>in</span> <span class='ocrx_word' id='word_1_160' title='bbox 1577 2985 1879 3049; x_wconf 90' lang='lat' dir='ltr'>domibus</span> <span class='ocrx_word' id='word_1_161' title='bbox 1912 2985 2251 3050; x_wconf 84' lang='lat' dir='ltr'>Societatis</span> <span class='ocrx_word' id='word_1_162' title='bbox 2294 2988 2602 3071; x_wconf 87' lang='lat' dir='ltr'>prosessae</span> 
     </span>
     <span class='ocr_line' id='line_1_24' title="bbox 547 3095 2597 3182; baseline 0.001 -24"><span class='ocrx_word' id='word_1_163' title='bbox 547 3096 817 3175; x_wconf 94' lang='lat' dir='ltr'>habitet,</span> <span class='ocrx_word' id='word_1_164' title='bbox 849 3096 964 3159; x_wconf 90' lang='lat' dir='ltr'>sed</span> <span class='ocrx_word' id='word_1_165' title='bbox 993 3095 1057 3158; x_wconf 94' lang='lat' dir='ltr'>in</span> <span class='ocrx_word' id='word_1_166' title='bbox 1094 3096 1217 3158; x_wconf 86' lang='lat' dir='ltr'>alia</span> <span class='ocrx_word' id='word_1_167' title='bbox 1251 3096 1355 3177; x_wconf 92' lang='lat' dir='ltr'>(de</span> <span class='ocrx_word' id='word_1_168' title='bbox 1391 3117 1521 3180; x_wconf 90' lang='lat' dir='ltr'>qua</span> <span class='ocrx_word' id='word_1_169' title='bbox 1566 3096 1815 3159; x_wconf 91' lang='lat' dir='ltr'>dictum</span> <span class='ocrx_word' id='word_1_170' title='bbox 1860 3107 1960 3160; x_wconf 88' lang='lat' dir='ltr'>est</span> <span class='ocrx_word' id='word_1_171' title='bbox 2004 3097 2073 3159; x_wconf 90' lang='lat' dir='ltr'>in</span> <span class='ocrx_word' id='word_1_172' title='bbox 2120 3108 2349 3180; x_wconf 88' lang='lat' dir='ltr'>quarta</span> <span class='ocrx_word' id='word_1_173' title='bbox 2390 3098 2597 3182; x_wconf 87' lang='lat' dir='ltr'>parte)</span> 
     </span>
     <span class='ocr_line' id='line_1_25' title="bbox 549 3198 2602 3291; baseline -0 -21"><span class='ocrx_word' id='word_1_174' title='bbox 549 3198 661 3290; x_wconf 88' lang='lat' dir='ltr'>qui</span> <span class='ocrx_word' id='word_1_175' title='bbox 692 3206 827 3270; x_wconf 90' lang='lat' dir='ltr'>suis</span> <span class='ocrx_word' id='word_1_176' title='bbox 872 3207 1067 3269; x_wconf 89' lang='lat' dir='ltr'>etiam</span> <span class='ocrx_word' id='word_1_177' title='bbox 1111 3205 1387 3285; x_wconf 87' lang='lat' dir='ltr'>auxiliis,</span> <span class='ocrx_word' id='word_1_178' title='bbox 1416 3228 1491 3269; x_wconf 92' lang='lat' dir='ltr'>ac</span> <span class='ocrx_word' id='word_1_179' title='bbox 1535 3205 1849 3269; x_wconf 91' lang='lat' dir='ltr'>ministris</span> <span class='ocrx_word' id='word_1_180' title='bbox 1897 3206 1980 3267; x_wconf 90' lang='lat' dir='ltr'>ad</span> <span class='ocrx_word' id='word_1_181' title='bbox 2024 3227 2099 3268; x_wconf 90' lang='lat' dir='ltr'>ea</span> <span class='ocrx_word' id='word_1_182' title='bbox 2142 3206 2423 3290; x_wconf 91' lang='lat' dir='ltr'>negotia,</span> <span class='ocrx_word' id='word_1_183' title='bbox 2456 3229 2602 3291; x_wconf 88' lang='lat' dir='ltr'>quae</span> 
     </span>
     <span class='ocr_line' id='line_1_26' title="bbox 548 3314 2332 3401; baseline -0.001 -21"><span class='ocrx_word' id='word_1_184' title='bbox 548 3317 723 3380; x_wconf 87' lang='lat' dir='ltr'>solus</span> <span class='ocrx_word' id='word_1_185' title='bbox 754 3338 888 3380; x_wconf 92' lang='lat' dir='ltr'>non</span> <span class='ocrx_word' id='word_1_186' title='bbox 918 3327 1135 3401; x_wconf 90' lang='lat' dir='ltr'>potest</span> <span class='ocrx_word' id='word_1_187' title='bbox 1167 3316 1503 3393; x_wconf 89' lang='lat' dir='ltr'>conficere,</span> <span class='ocrx_word' id='word_1_188' title='bbox 1534 3314 1909 3377; x_wconf 87' lang='lat' dir='ltr'>necessariis</span> <span class='ocrx_word' id='word_1_189' title='bbox 1941 3314 2332 3378; x_wconf 88' lang='lat' dir='ltr'>sublevetur.</span> 
     </span>
    </p>

    <p class='ocr_par' dir='ltr' id='par_1_5' title="bbox 421 3424 2606 4066">
     <span class='ocr_line' id='line_1_27' title="bbox 421 3424 2603 3513; baseline 0 -22"><span class='ocrx_word' id='word_1_190' title='bbox 421 3436 500 3493; x_wconf 84' lang='lat'>13</span> <span class='ocrx_word' id='word_1_191' title='bbox 552 3428 726 3491; x_wconf 90' lang='lat' dir='ltr'>Cum</span> <span class='ocrx_word' id='word_1_192' title='bbox 756 3450 906 3512; x_wconf 91' lang='lat' dir='ltr'>ergo</span> <span class='ocrx_word' id='word_1_193' title='bbox 939 3427 1337 3513; x_wconf 87' lang='lat' dir='ltr'>Praepositus</span> <span class='ocrx_word' id='word_1_194' title='bbox 1365 3425 1743 3509; x_wconf 87' lang='lat' dir='ltr'>hujusmodi</span> <span class='ocrx_word' id='word_1_195' title='bbox 1785 3424 2021 3488; x_wconf 92' lang='lat' dir='ltr'>habeat</span> <span class='ocrx_word' id='word_1_196' title='bbox 2057 3425 2312 3505; x_wconf 86' lang='lat' dir='ltr'>auxilia,</span> <span class='ocrx_word' id='word_1_197' title='bbox 2342 3437 2603 3511; x_wconf 91' lang='lat' dir='ltr'>tempus</span> 
     </span>
     <span class='ocr_line' id='line_1_28' title="bbox 553 3536 2597 3622; baseline 0 -22"><span class='ocrx_word' id='word_1_198' title='bbox 553 3539 753 3622; x_wconf 94' lang='lat' dir='ltr'>(quod</span> <span class='ocrx_word' id='word_1_199' title='bbox 798 3538 1061 3622; x_wconf 92' lang='lat' dir='ltr'>quidem</span> <span class='ocrx_word' id='word_1_200' title='bbox 1111 3537 1438 3616; x_wconf 89' lang='lat' dir='ltr'>valetudo,</span> <span class='ocrx_word' id='word_1_201' title='bbox 1493 3547 1558 3599; x_wconf 94' lang='lat' dir='ltr'>et</span> <span class='ocrx_word' id='word_1_202' title='bbox 1619 3536 1786 3600; x_wconf 89' lang='lat' dir='ltr'>vires</span> <span class='ocrx_word' id='word_1_203' title='bbox 1847 3536 2134 3621; x_wconf 90' lang='lat' dir='ltr'>corporis</span> <span class='ocrx_word' id='word_1_204' title='bbox 2194 3537 2597 3622; x_wconf 90' lang='lat' dir='ltr'>permittent)</span> 
     </span>
     <span class='ocr_line' id='line_1_29' title="bbox 546 3647 2603 3733; baseline 0 -21"><span class='ocrx_word' id='word_1_205' title='bbox 546 3649 783 3733; x_wconf 89' lang='lat' dir='ltr'>partim</span> <span class='ocrx_word' id='word_1_206' title='bbox 821 3672 971 3713; x_wconf 92' lang='lat' dir='ltr'>cum</span> <span class='ocrx_word' id='word_1_207' title='bbox 1012 3650 1180 3728; x_wconf 84' lang='lat' dir='ltr'>Dec,</span> <span class='ocrx_word' id='word_1_208' title='bbox 1231 3647 1470 3733; x_wconf 89' lang='lat' dir='ltr'>partim</span> <span class='ocrx_word' id='word_1_209' title='bbox 1524 3670 1675 3711; x_wconf 92' lang='lat' dir='ltr'>cum</span> <span class='ocrx_word' id='word_1_210' title='bbox 1721 3647 2121 3726; x_wconf 86' lang='lat' dir='ltr'>officialibus,</span> <span class='ocrx_word' id='word_1_211' title='bbox 2167 3660 2233 3711; x_wconf 91' lang='lat' dir='ltr'>et</span> <span class='ocrx_word' id='word_1_212' title='bbox 2278 3648 2603 3712; x_wconf 88' lang='lat' dir='ltr'>Ministris</span> 
     </span>
     <span class='ocr_line' id='line_1_30' title="bbox 544 3756 2604 3845; baseline -0 -22"><span class='ocrx_word' id='word_1_213' title='bbox 544 3760 922 3845; x_wconf 87' lang='lat' dir='ltr'>hujusmodi</span> <span class='ocrx_word' id='word_1_214' title='bbox 954 3760 1227 3845; x_wconf 85' lang='lat' dir='ltr'>agendo,</span> <span class='ocrx_word' id='word_1_215' title='bbox 1257 3756 1495 3844; x_wconf 85' lang='lat' dir='ltr'>partim</span> <span class='ocrx_word' id='word_1_216' title='bbox 1528 3782 1749 3823; x_wconf 88' lang='lat' dir='ltr'>secum</span> <span class='ocrx_word' id='word_1_217' title='bbox 1792 3781 2083 3823; x_wconf 89' lang='lat' dir='ltr'>seorsum</span> <span class='ocrx_word' id='word_1_218' title='bbox 2114 3758 2604 3838; x_wconf 88' lang='lat' dir='ltr'>considerando,</span> 
     </span>
     <span class='ocr_line' id='line_1_31' title="bbox 545 3868 2606 3953; baseline 0 -21"><span class='ocrx_word' id='word_1_219' title='bbox 545 3892 621 3933; x_wconf 86' lang='lat' dir='ltr'>ac</span> <span class='ocrx_word' id='word_1_220' title='bbox 670 3893 820 3934; x_wconf 92' lang='lat' dir='ltr'>cum</span> <span class='ocrx_word' id='word_1_221' title='bbox 871 3870 1107 3934; x_wconf 88' lang='lat' dir='ltr'>auxilio</span> <span class='ocrx_word' id='word_1_222' title='bbox 1162 3881 1227 3934; x_wconf 94' lang='lat' dir='ltr'>et</span> <span class='ocrx_word' id='word_1_223' title='bbox 1278 3870 1492 3933; x_wconf 87' lang='lat' dir='ltr'>favore</span> <span class='ocrx_word' id='word_1_224' title='bbox 1542 3869 1671 3933; x_wconf 93' lang='lat' dir='ltr'>Dei</span> <span class='ocrx_word' id='word_1_225' title='bbox 1715 3891 1790 3932; x_wconf 92' lang='lat' dir='ltr'>ac</span> <span class='ocrx_word' id='word_1_226' title='bbox 1837 3868 2108 3932; x_wconf 87' lang='lat' dir='ltr'>Domini</span> <span class='ocrx_word' id='word_1_227' title='bbox 2152 3868 2378 3947; x_wconf 91' lang='lat' dir='ltr'>nostri,</span> <span class='ocrx_word' id='word_1_228' title='bbox 2428 3871 2606 3953; x_wconf 93' lang='lat' dir='ltr'>quod</span> 
     </span>
     <span class='ocr_line' id='line_1_32' title="bbox 545 3980 1805 4066; baseline -0.002 -21"><span class='ocrx_word' id='word_1_229' title='bbox 545 3983 872 4066; x_wconf 89' lang='lat' dir='ltr'>agendum</span> <span class='ocrx_word' id='word_1_230' title='bbox 903 3994 1024 4060; x_wconf 92' lang='lat' dir='ltr'>est,</span> <span class='ocrx_word' id='word_1_231' title='bbox 1056 3982 1421 4060; x_wconf 76' lang='lat' dir='ltr'>statuendo,</span> <span class='ocrx_word' id='word_1_232' title='bbox 1452 3980 1805 4064; x_wconf 91' lang='lat' dir='ltr'>impendet.</span> 
     </span>
    </p>

    <p class='ocr_par' dir='ltr' id='par_1_6' title="bbox 417 4090 2606 4289">
     <span class='ocr_line' id='line_1_33' title="bbox 417 4090 2603 4177; baseline -0.001 -19"><span class='ocrx_word' id='word_1_233' title='bbox 417 4100 498 4158; x_wconf 90' lang='lat'>14</span> <span class='ocrx_word' id='word_1_234' title='bbox 549 4093 890 4177; x_wconf 73' lang='lat' dir='ltr'>Praepositi</span> <span class='ocrx_word' id='word_1_235' title='bbox 943 4093 1137 4156; x_wconf 90' lang='lat' dir='ltr'>etiam</span> <span class='ocrx_word' id='word_1_236' title='bbox 1181 4091 1636 4168; x_wconf 79' lang='lat' dir='ltr'>ProvincialeS,</span> <span class='ocrx_word' id='word_1_237' title='bbox 1682 4102 1747 4154; x_wconf 98' lang='lat' dir='ltr'>et</span> <span class='ocrx_word' id='word_1_238' title='bbox 1789 4092 2097 4155; x_wconf 87' lang='lat' dir='ltr'>Rectores</span> <span class='ocrx_word' id='word_1_239' title='bbox 2145 4090 2603 4177; x_wconf 88' lang='lat' dir='ltr'>Collegiorum,</span> 
     </span>
     <span class='ocr_line' id='line_1_34' title="bbox 543 4202 2606 4289; baseline 0 -24"><span class='ocrx_word' id='word_1_240' title='bbox 543 4203 646 4281; x_wconf 83' lang='lat' dir='ltr'>vel</span> <span class='ocrx_word' id='word_1_241' title='bbox 666 4203 1012 4288; x_wconf 86' lang='lat' dir='ltr'>Praepositi</span> <span class='ocrx_word' id='word_1_242' title='bbox 1039 4203 1457 4287; x_wconf 87' lang='lat' dir='ltr'>particulares</span> <span class='ocrx_word' id='word_1_243' title='bbox 1489 4203 1832 4267; x_wconf 90' lang='lat' dir='ltr'>domorum</span> <span class='ocrx_word' id='word_1_244' title='bbox 1864 4203 1996 4267; x_wconf 92' lang='lat' dir='ltr'>suis</span> <span class='ocrx_word' id='word_1_245' title='bbox 2028 4202 2279 4271; x_wconf 86' lang='lat' dir='ltr'>auxiliis</span> <span class='ocrx_word' id='word_1_246' title='bbox 2308 4204 2606 4289; x_wconf 89' lang='lat' dir='ltr'>pluribus</span> 
     </span>
    </p>
   </div>
  </div>
 </body>
</html>
