3146 5014
1260 539 1442 582 PARS
1492 542 1791 585 murm.
2533 533 2610 589 25

551 704 729 769 aliud
781 703 1108 788 Superiori
1168 704 1534 770 videretur:
1602 720 1666 771 et
1715 730 1886 772 unus
1940 708 2232 772 omnium
2295 710 2378 774 sit
2430 711 2605 775 Con-

549 815 857 879 fessarius
909 816 989 878 ab
1039 816 1265 879 eodem
1312 816 1660 903 Superiore
1708 819 2124 899 constitutus,
2170 821 2347 905 quod
2387 821 2441 885 si
2471 823 2610 886 fieri

550 948 683 990 non
729 926 987 1010 poterit,
1029 926 1303 1010 quisque
1350 939 1520 992 certe
1567 951 1759 993 suum
1807 929 2104 995 stabilem
2149 930 2385 996 habeat
2432 933 2608 996 Con-

548 1037 909 1116 fessarium,
941 1037 1046 1100 cui
1079 1059 1262 1100 suam
1295 1038 1756 1102 conscientiam
1802 1062 2068 1124 prorsus
2114 1042 2378 1127 aperiat.
2471 1043 2605 1109 Qui

548 1150 811 1234 quidem
855 1150 1303 1214 Confessarius
1356 1174 1489 1214 non
1550 1153 1826 1236 ignoret,
1877 1156 1983 1234 qui
2036 1174 2218 1217 casus
2275 1155 2603 1237 Superiori

542 1269 959 1325 reserventur.
1055 1261 1160 1324 Illi
1200 1272 1417 1325 autem
1448 1264 1974 1342 reservabuntur,
2006 1286 2169 1348 quos
2215 1264 2295 1328 ab
2343 1288 2418 1329 eo
2451 1288 2602 1351 cog-

545 1372 725 1435 nosci
756 1372 1189 1435 necessarium
1220 1372 1564 1452 videbitur,
1597 1385 1709 1437 aut
1752 1373 1936 1438 valde
1983 1376 2413 1455 conveniens3
2469 1399 2599 1460 quo

542 1483 773 1546 melius
806 1493 872 1546 et
901 1483 1258 1546 remedium
1305 1483 1609 1548 adhibere
1654 1485 1883 1568 possit,
1915 1497 1979 1549 et
2026 1508 2159 1549 suae
2206 1509 2377 1550 curae
2423 1510 2600 1551 com-

542 1593 772 1657 missos
802 1615 1189 1678 praeservare
1222 1593 1303 1658 ab
1335 1594 1661 1674 omnibuS,
1691 1616 1838 1678 quae
1869 1595 2164 1659 nocitura
2195 1610 2370 1662 sunt.

417 1712 496 1768 12
547 1704 824 1769 Perutile
873 1705 1015 1784 erit,
1063 1727 1202 1768 esse
1265 1706 1441 1769 domi
1502 1705 1782 1789 aliquem
1831 1705 2041 1769 virum
2102 1707 2360 1772 fidelem
2411 1716 2477 1771 et
2525 1708 2594 1772 in

541 1819 734 1882 rebus
783 1818 1225 1904 spiritualibus
1287 1817 1680 1881 sufficienter
1739 1830 2087 1897 versatum,
2147 1821 2260 1904 qui
2310 1820 2592 1886 instruat

540 1952 648 1994 eos
697 1952 770 1993 ac
823 1930 1071 2008 doceat,
1125 1930 1450 2014 quomodo
1510 1940 1576 1992 et
1636 1928 1929 2007 interiuS,
1990 1941 2055 1993 et
2112 1930 2393 1995 exterius
2455 1954 2594 1996 sese

537 2041 771 2106 habere
796 2041 1073 2105 debeant
1093 2040 1285 2125 juxta
1318 2039 1658 2105 Societatis
1689 2039 2064 2104 institutum
2089 2063 2170 2123 *ac
2193 2042 2592 2127 religionem,

537 2164 600 2216 et
631 2152 716 2216 ad
744 2153 813 2215 id
843 2174 951 2215 eos
982 2153 1298 2232 hortetur,
1321 2163 1387 2215 et
1416 2152 1486 2215 in
1516 2151 1892 2215 memoriam
1922 2152 2194 2237 redigat,
2219 2165 2284 2217 et
2303 2166 2594 2218 amanter

537 2263 908 2328 admoneat:
957 2285 1151 2346 quem
1183 2284 1407 2326 omnes
1439 2262 1552 2346 qui
1583 2262 1652 2325 in
1682 2261 2062 2347 probatione
2096 2272 2272 2343 sunt,
2294 2265 2590 2350 diligant,

535 2377 618 2439 ad
647 2398 842 2460 quem
873 2375 942 2438 in
974 2375 1109 2438 suis
1135 2374 1602 2439 tentationibus
1634 2374 2036 2458 confugiant,
2061 2375 2166 2438 cui
2190 2377 2591 2441 confidenter

535 2510 650 2552 sua
680 2486 898 2551 omnia
928 2486 1257 2572 detegant,
1288 2497 1351 2550 et
1384 2507 1422 2548 a
1457 2507 1587 2570 quo
1633 2484 2140 2549 consolationem
2183 2498 2248 2550 et
2279 2487 2588 2552 auxilium

533 2601 600 2664 in
631 2600 934 2664 omnibus
976 2610 1237 2684 sperent
1282 2599 1350 2661 in
1384 2598 1713 2661 Domino:
1761 2610 1826 2661 et
1871 2598 2364 2678 admoneantur,
2410 2600 2588 2683 quod

533 2714 779 2776 nullam
811 2711 1090 2776 debeant
1121 2712 1324 2774 celare
1356 2708 1805 2787 tentationem,
1837 2730 2033 2793 quam
2070 2709 2247 2789 huie,
2276 2711 2380 2774 vel
2412 2710 2588 2775 Con-

531 2825 817 2903 fessario,
870 2823 970 2887 vel
1033 2821 1362 2907 Superiori
1421 2843 1554 2884 non
1617 2820 1928 2906 aperiant,
1989 2821 2120 2886 imo
2180 2844 2330 2886 vero
2392 2830 2587 2888 totam

531 2940 802 3001 animam
853 2957 1030 2998 suam
1078 2937 1208 2997 illis
1259 2935 1501 3015 integre
1550 2933 1952 3013 manifestam
2006 2954 2157 3012 esse,
2210 2947 2585 3019 pergratum

529 3050 848 3114 habeant:
895 3069 1015 3111 nec
1048 3047 1256 3110 solum
1296 3046 1588 3109 desectus
1635 3045 1947 3130 aperiant,
1980 3047 2094 3110 sed
2138 3046 2332 3110 etiam
2378 3049 2585 3132 poeni-

529 3161 785 3239 tentias,
834 3159 935 3223 vel
995 3157 1543 3235 mortificationes,
1605 3167 1670 3219 et
1733 3156 2128 3236 devotiones,
2190 3179 2264 3221 ac
2310 3158 2584 3224 virtutes

531 3295 777 3350 omnes,
821 3271 1153 3334 voluntate
1199 3291 1363 3354 pura
1407 3278 1708 3353 optantes
1755 3267 1835 3330 ab
1881 3268 2007 3331 illis
2053 3268 2264 3353 dirigi,
2296 3269 2504 3334 sicubi
2547 3293 2585 3335 a

526 3382 912 3447 rectitudine
944 3381 1382 3458 deflecterent,
1413 3379 1710 3443 nolentes
1740 3400 1851 3440 suo
1881 3381 2147 3459 proprio
2178 3399 2360 3442 sensu
2391 3381 2583 3461 duci3

528 3494 655 3556 nisi
684 3492 1021 3557 conveniat
1054 3515 1203 3555 cum
1239 3490 1487 3575 judicio
1527 3490 1808 3566 illorum,
1840 3489 2021 3571 quos'
2042 3490 2280 3552 Christi
2323 3491 2582 3555 Domini

527 3605 728 3669 nostri
758 3609 885 3669 loco
915 3604 1179 3667 habent.

391 3726 472 3782 13
524 3718 941 3782 Antevertere
1004 3725 1259 3801 oportet
1319 3714 1732 3791 tentationeS,
1794 3712 2100 3776 adhibitis
2153 3735 2372 3776 earum
2423 3736 2577 3777 con-

522 3828 772 3892 trariis:
819 3838 895 3891 ut
925 3849 1075 3890 cum
1122 3827 1267 3911 quis
1314 3824 1844 3890 animadvertitur
1889 3823 1972 3885 ad
2019 3823 2390 3907 superbiam
2435 3846 2576 3888 esse

519 3964 906 4028 propensus,
938 3939 1218 4005 exerceri
1247 3939 1302 4002 is
1344 3937 1538 4003 debet
1582 3937 1651 3999 in
1697 3935 1892 3998 rebus
1933 3933 2390 4020 abjectioribus
2434 3959 2580 4021 quae

517 4054 600 4116 ad
642 4053 1120 4116 humiliandum
1165 4051 1380 4136 ipsum
1425 4048 1619 4111 utiles
1663 4047 1899 4110 suturae
1947 4046 2322 4112 videantur:
2386 4060 2450 4113 et
2484 4050 2576 4114 sic

517 4168 596 4230 de
629 4167 766 4231 aliis
797 4166 1012 4251 pravis
1044 4166 1277 4230 animae
1308 4160 1873 4248 propensionibus.

383 4289 466 4346 14
518 4281 837 4346 Praeterea
884 4280 1242 4344 honestatis
1292 4289 1355 4341 et
1405 4275 1717 4340 decentiae
1775 4274 2024 4338 ratione
2077 4276 2400 4354 convenit,
2453 4276 2568 4339 foe-
