3146 5014
544 505 626 560 94

1292 515 1943 559 CONSTITUTIONUM

673 701 748 743 eo
780 678 1137 742 constituto
1169 678 1415 758 ordine,
1446 690 1521 742 ut
1552 679 1781 763 quovis
1813 678 1880 742 in
1917 678 2085 758 1000,
2115 700 2260 762 quae
2305 679 2389 742 ad
2431 687 2726 745 mutuam

674 790 1184 855 consolationem
1232 802 1298 854 et
1346 790 1837 855 aedificationem
1891 790 1958 853 in
2004 790 2293 855 Domino
2337 792 2605 871 faciunt,
2650 814 2729 855 ex

675 902 812 966 aliis
844 902 992 966 sciri
1020 903 1296 988 possint.

767 1312 1039 1359 QUIBUS
1075 1311 1154 1354 IN
1191 1309 1498 1353 cASIBUs
1533 1308 2059 1352 CONGREGATIO
2095 1308 2517 1351 GENERALIS

835 1413 840 1418 ³
1363 1420 1568 1463 FIERI
1605 1420 1924 1462 DEBEAT.

1476 1534 1674 1600 CAP.
1722 1536 1817 1599 ΙΙ.

680 1675 791 1738 An
836 1673 1145 1737 unionem
1188 1670 1595 1756 personalem
1630 1681 1707 1735 ut
1744 1670 2102 1750 veniamus,
2145 1690 2292 1754 quae
2336 1669 2406 1732 in
2448 1667 2734 1753 Congre—

679 1785 1050 1871 gationibus
1096 1784 1437 1849 Societatis
1482 1784 1603 1863 fit3
1663 1783 2205 1848 considerandum
2250 1788 2371 1862 est,
2401 1780 2637 1866 quibus
2665 1780 2736 1843 in

682 1897 962 1994 casibus,
993 1896 1126 1980 qui,
1168 1907 1233 1959 et
1267 1917 1386 1980 per
1437 1917 1656 1979 quem,
1701 1917 1775 1958 ac
1818 1894 2066 1972 itidem,
2111 1915 2242 1978 quo
2289 1893 2359 1956 in
2401 1893 2568 1971 loco,
2607 1912 2737 1975 quo

678 2015 995 2092 tempore,
1025 2014 1091 2071 et
1120 2008 1314 2071 modo
1346 2007 1627 2070 debeant
1672 2006 2073 2091 congregari,
2116 2013 2183 2070 et
2224 2004 2295 2068 id
2339 2003 2613 2082 definiri,
2656 2003 2736 2065 de

681 2139 812 2201 quo
842 2117 910 2180 in
944 2117 1578 2201 Congregationibus
1609 2126 1859 2202 agetur.
1949 2117 2041 2180 Et
2084 2127 2160 2179 ut
2204 2115 2567 2180 declaretur
2606 2113 2741 2197 pri-

680 2251 789 2292 mo
833 2229 999 2306 loco,
1045 2227 1282 2312 quibus
1330 2228 1400 2291 in
1450 2227 1709 2291 casibus
1756 2227 2220 2313 CongregatiO,
2258 2237 2326 2292 et
2361 2225 2739 2291 Conventus

682 2341 1000 2427 generalis
1023 2341 1180 2419 fiat3
1224 2339 1387 2403 illud
1414 2340 1485 2403 in
1514 2339 1743 2424 primis
1776 2339 2191 2425 suppositum
2222 2348 2362 2402 est:
2409 2337 2586 2421 quod
2606 2357 2741 2400 non

686 2454 945 2521 videtur
974 2453 1043 2517 in
1075 2452 1363 2517 Domino
1406 2451 1476 2516 in
1522 2450 2018 2536 praesentiarum
2063 2449 2387 2536 expedire,
2429 2459 2507 2514 ut
2551 2448 2742 2513 certis

686 2566 1091 2651 temporibus
1122 2576 1234 2630 aut
1265 2565 1489 2629 crebro
1519 2565 1656 2628 fiat.
1749 2563 2077 2630 Quoniam
2104 2561 2499 2648 Praepositus
2526 2561 2744 2625 Gene-

686 2679 837 2743 ralis
869 2677 1132 2762 adjutus
1164 2675 1773 2754 communicatione,
1803 2697 2000 2759 quam
2039 2696 2191 2739 cum
2234 2673 2537 2739 universa
2566 2670 2745 2737 Soci-

688 2799 859 2852 etate
893 2786 1115 2866 habet,
1146 2798 1211 2850 et
1255 2808 1479 2850 eorum
1524 2808 1743 2872 opera,
1773 2785 1887 2870 qui
1927 2807 2081 2850 cum
2118 2784 2262 2870 ipso
2305 2785 2576 2869 degunt,
2618 2783 2743 2845 hoc

688 2896 928 2967 laboris
958 2907 1024 2959 et
1064 2896 1501 2960 distractionis
1545 2897 1865 2961 universae
1898 2895 2225 2974 Societati‚
2255 2907 2577 2980 quantum
2608 2893 2746 2957 fieri

689 3006 950 3091 poterit,
999 3006 1262 3072 adimet.
1347 3007 1721 3092 Aliquando
1769 3018 1988 3072 tamen
2032 3006 2435 3090 congregari,
2480 3004 2746 3069 omnino

692 3119 812 3183 erit
853 3119 1328 3198 necessarium3
1390 3131 1487 3199 ut,
1540 3143 1694 3184 cum
1746 3119 1866 3183 erit
1919 3119 1998 3182 de
2050 3117 2362 3181 electione
2408 3115 2749 3200 Praepositi

696 3229 1033 3295 Generalis
1079 3230 1428 3314 agendum,
1459 3230 1593 3295 sive
1638 3230 1974 3315 eligendus
2022 3228 2128 3307 sit,
2158 3227 2272 3311 qui
2312 3227 2383 3290 in
2428 3225 2751 3290 demortui

692 3344 910 3408 locum
958 3344 1284 3422 succedat,
1338 3343 1471 3407 sive
1523 3343 1638 3428 qui
1687 3342 2077 3427 subrogetur
2134 3340 2319 3404 alteri
2371 3338 2751 3422 Praeposito,

697 3476 890 3539 quem
922 3454 1146 3517 cedere
1178 3454 1388 3518 officio
1431 3466 1701 3538 propter
1745 3454 2028 3538 aliquam
2072 3472 2335 3515 causam
2364 3472 2446 3513 ex
2473 3449 2576 3531 iis,
2605 3471 2751 3533 quae

694 3577 924 3649 postea
953 3565 1274 3644 dicentur,
1305 3565 1667 3629 conveniat.

617 3683 655 3740 2
702 3676 927 3739 Altera
957 3696 1152 3739 causa
1182 3683 1302 3756 est,
1333 3675 1483 3739 cum
1515 3674 1852 3739 deliberari
1894 3673 2220 3759 oportebit
2249 3673 2330 3737 de
2372 3672 2569 3736 rebus
2611 3692 2755 3756 per-

697 3787 915 3873 petuis
956 3809 1032 3852 ac
1079 3787 1303 3872 magni
1354 3785 1692 3864 momenti,
1741 3785 1962 3868 quales
2007 3796 2227 3849 essent
2277 3783 2481 3866 (verbi
2523 3780 2750 3868 gratia)

612 3959 617 3966 .
704 3899 996 3984 Collegia
1023 3899 1127 3963 vel
1157 3898 1383 3963 domos
1415 3897 1785 3976 dissolvere,
1816 3912 1929 3960 aut
1959 3897 2083 3960 alio
2129 3897 2497 3974 transferre,
2525 3894 2629 3959 vel
2656 3913 2759 3955 res

706 4009 1059 4074 admodum
1092 4009 1383 4073 difficiles
1413 4010 1498 4072 ad
1540 4008 1903 4073 universam
1936 4007 2326 4071 Societatem
2372 4013 2762 4089 spectanteS,

656 4149 659 4152 ⁴
701 4122 805 4185 vel
835 4143 978 4185 eam
1008 4120 1328 4186 rationem
1355 4120 1751 4204 procedendi
1780 4119 1850 4183 in
1879 4117 2010 4197 illa,
2043 4140 2189 4201 quae
2237 4118 2320 4181 ad
2363 4113 2760 4201 implendam
