3146 5014
1202 495 1385 538 PARS
1437 495 1764 543 QUARTA.
2492 484 2571 540 35

471 740 566 784 ΠΕ
605 740 729 798 118,
761 737 923 788 QUAE
959 740 1057 784 AD
1094 740 1592 785 ADMI'r'm-:NDA
1628 742 1717 783 ET
1753 741 2297 787 RELINQUENDA
2333 741 2503 784 COL-

568 850 820 911 LEGIA,
854 853 942 895 ΕΤ
978 851 1235 896 EORUM
1272 853 1406 896 RES
1440 852 1932 897 TEMPORALES
1969 852 2416 896 PERTINENT.

1323 957 1518 1022 CAP.
1568 958 1661 1022 ΙΙ.

442 1093 473 1147 1
527 1085 637 1148 An
682 1083 990 1168 Collegia,
1041 1104 1187 1167 quae
1242 1083 1441 1148 libere
1468 1060 1471 1065 ⁴
1496 1082 1803 1148 Societati
1852 1082 2231 1161 offeruntur,
2271 1093 2347 1146 ut
2388 1082 2581 1166 juxta

527 1217 675 1259 suas
709 1193 1229 1259 Constitutiones
1263 1193 1528 1258 omnino
1559 1193 1653 1258 eis
1685 1202 1927 1272 utatur,
1958 1193 2381 1273 admittenda,
2407 1192 2580 1255 Prae-

524 1306 778 1392 positus
805 1305 1141 1370 Generalis
1171 1305 1434 1370 nomine
1463 1304 1666 1370 totius
1700 1304 2041 1370 Societatis
2069 1304 2331 1390 plenam
2361 1314 2580 1389 potes-

527 1425 727 1481 tatem
759 1416 1047 1481 habebit.

440 1539 478 1593 2
527 1528 596 1592 Si
627 1527 964 1591 Fundator
993 1525 1239 1611 aliquas
1269 1527 1674 1593 conditiones
1704 1527 1994 1613 exigeret
2017 1526 2227 1590 ordini
2274 1547 2348 1590 ac
2378 1525 2577 1590 modo

529 1638 918 1724 procedendi
980 1638 1288 1703 Societati
1347 1651 1659 1705 consueto
1728 1639 1995 1703 minime
2072 1648 2580 1716 consentaneas3

530 1750 738 1814 eidem
788 1751 1143 1836 Praeposito
1208 1751 1509 1815 Generali
1576 1750 1838 1835 (auditis
1901 1751 2240 1815 sententiis
2288 1750 2580 1829 aliorum,

531 1884 693 1946 quos
720 1862 858 1947 ipse
890 1863 970 1926 de
1008 1862 1385 1947 hujusmodi
1425 1862 1619 1926 rebus
1663 1861 1894 1926 melius
1928 1861 2223 1946 judicare
2263 1861 2575 1943 censebit)

529 1973 1068 2038 considerandum
1111 1973 1535 2059 relinquatur,
1582 1995 1665 2037 an
1706 1973 2011 2038 omnibus
2050 1972 2387 2059 perpensis
2421 1971 2580 2036 utile

529 2085 613 2150 sit
642 2086 935 2150 futurum
970 2085 1275 2151 Societati
1320 2086 1403 2150 ad
1447 2086 1647 2150 finem
1692 2085 1894 2150 divini
1939 2084 2201 2166 servitii,
2232 2106 2427 2171 quem
2459 2083 2582 2148 sibi

527 2196 827 2281 praefixit,
863 2195 1239 2281 hujusmodi
1276 2195 1641 2281 Collegium
1686 2196 2046 2276 admittere,
2093 2218 2213 2261 nec
2257 2218 2360 2260 ne.
2451 2194 2583 2259 Sed

530 2307 585 2370 si
636 2306 948 2392 temporis
997 2307 1277 2371 decursu
1330 2328 1396 2371 se
1450 2306 1700 2392 gravari
1749 2329 1825 2371 eo
1873 2328 2066 2371 onere
2116 2306 2582 2370 animadvertet

532 2416 841 2496 Societas,
871 2417 1110 2502 poterit
1151 2417 1294 2502 ipsa
1336 2416 1405 2480 in
1438 2417 1957 2503 congregatione
1996 2416 2279 2501 generali
2322 2416 2390 2497 id
2431 2437 2582 2501 pro-

528 2551 791 2615 ponere,
822 2541 888 2594 et
919 2538 1225 2608 statuere,
1247 2540 1324 2593 ut
1354 2529 1758 2613 relinquatur
1781 2528 2146 2613 Collegium
2169 2527 2582 2613 hujusmodi3

532 2640 631 2704 vel
659 2639 1051 2725 prospicere,
1083 2650 1158 2703 ut
1188 2661 1355 2711 onus
1386 2649 1803 2723 temperetur,
1832 2638 1937 2702 vel
1975 2637 2168 2716 certE,
2197 2645 2274 2700 ut
2304 2637 2386 2700 ad
2414 2659 2581 2701 onus

531 2751 601 2814 id
658 2751 997 2815 ferendum
1057 2750 1223 2814 vires
1283 2749 1557 2834 majores
1616 2748 2049 2834 praebeantur.
2159 2749 2305 2813 Hoc
2364 2756 2580 2813 tamen

533 2861 780 2938 dictum
834 2861 939 2941 sit,
1001 2861 1056 2925 si
1117 2872 1266 2925 ante
1329 2860 1915 2946 Congregationem
1974 2860 2350 2945 hujusmodi
2412 2861 2584 2924 Prae-

532 2952 785 3056 positus
842 2972 1176 3036 Generalis
1237 2971 1389 3036 huic
1441 2971 1877 3050 incommodo,
1928 2982 2123 3056 prout
2175 2971 2243 3034 in
2296 2971 2582 3036 Domino

532 3083 858 3163 convenit,
887 3105 1021 3147 non
1053 3082 1421 3146 occurrerit.

445 3201 485 3256 3
532 3194 637 3256 Ad
676 3193 1122 3278 relinquenda,
1166 3193 1269 3257 vel
1305 3193 1643 3257 alienanda
1686 3192 1993 3278 CoHegia‚
2027 3204 2139 3257 aut
2180 3141 2409 3258 domos
2445 3193 2584 3279 jam

533 3304 844 3368 admissas
877 3303 1272 3389 Praepositus
1307 3303 1643 3368 Generalis
1675 3303 1868 3368 simul
1912 3326 2063 3367 cum
2092 3304 2236 3389 ipsa
2267 3304 2583 3369 Societate

530 3422 917 3501 potestatem
964 3414 1250 3479 habebit.
1339 3414 1510 3478 Cum
1562 3414 1738 3478 enim
1796 3414 1866 3477 id
1926 3413 2012 3477 sit
2059 3413 2349 3500 perinde,
2403 3435 2477 3476 ac
2530 3405 2598 3477 si'

534 3524 899 3592 membrum
932 3525 1012 3589 ab
1044 3524 1183 3610 ejus
1215 3546 1481 3610 corpore
1510 3522 2074 3609 praescinderetur,
2105 3535 2170 3589 et
2213 3546 2316 3588 res
2346 3522 2606 3607 alioqui.

532 3617 940 3721 perpetua'et
970 3634 1229 3721 majoris
1259 3635 1576 3702 momenti
1606 3635 1688 3701 sit
1711 3661 1732 3717 3
1779 3658 1930 3700 cum
1961 3657 2037 3700 ea
2078 3635 2381 3701 universa
2410 3657 2586 3699 com-

532 3748 848 3813 municari
878 3749 1109 3813 melius
1141 3735 1283 3814 est.-

442 3869 484 3924 4
534 3860 614 3922 In
659 3858 965 3945 Collegiis
1010 3859 1349 3925 Societatis
1390 3882 1511 3924 nec
1555 3879 1727 3922 curae
1769 3856 2129 3920 animarum
2175 3875 2297 3919 nec
2341 3854 2587 3940 obliga-

531 3971 740 4035 tiones
803 3972 886 4035 ad
947 3972 1188 4035 Missas
1249 3969 1685 4047 celebrandaS,
1745 3989 1954 4053 neque
2015 3967 2152 4031 aliae
2211 3964 2588 4051 hujusmodi
2659 3983 2663 3987 *

532 4083 982 4162 admittantur,
1015 4106 1161 4169 quae
1207 4105 1243 4146 a
1286 4081 1516 4145 studiis
1560 4080 1911 4144 distrahere
1961 4080 2331 4159 admodum,
2362 4092 2445 4145 ‘et
2491 4103 2607 4159 ea,-

530 4216 674 4276 quae
706 4195 774 4257 in
816 4193 942 4257 illis
981 4195 1063 4256 ad
1094 4194 1385 4257 divinum
1417 4192 1800 4277 obsequium
1835 4198 2234 4276 quaeruntur,
2276 4191 2584 4276 impedire
