3146 5014
1285 533 1468 577 PAns
1519 535 1831 579 oc'rAvA.
2522 527 2602 583 95

549 695 678 759 Dei
738 696 1141 761 voluntatem
1201 701 1725 764 commodissima
1793 702 2108 781 videatur,
2170 703 2486 788 explicare
2547 713 2613 768 et

552 807 968 872 constituere.

984 1189 1112 1236 QU1
1149 1189 1500 1231 DEBEANT
1534 1189 2042 1234 CONGREGARI.

1324 1308 1520 1372 CAP.
1573 1310 1707 1373 III.

553 1439 719 1502 NON
768 1462 1016 1521 omnes,
1048 1442 1161 1526 qui
1207 1442 1328 1506 sub
1375 1443 1768 1509 Obedientia
1814 1446 2154 1511 Societatis
2197 1446 2447 1528 vivunt,
2491 1470 2610 1512 nec

556 1551 939 1615 Scholastici
984 1554 1345 1639 approbati,
1390 1557 1616 1620 verum
1650 1558 1929 1622 Professi
1975 1559 2313 1639 duntaxat,
2353 1571 2416 1624 et
2446 1582 2613 1646 prae-

553 1670 727 1727 terea
758 1664 1186 1750 Coadjutores
1218 1667 1438 1752 aliqui,
1471 1671 1527 1731 si
1553 1669 1648 1732 ita
1678 1670 1978 1756 expedire
2018 1671 2088 1734 in
2119 1673 2407 1735 Domino
2436 1672 2616 1736 vide-

550 1786 749 1855 retur,
795 1784 952 1840 sunt
996 1778 1080 1841 ad
1123 1778 1716 1864 Congregationem
1761 1782 2127 1866 generalem
2173 1782 2614 1861 convocandi3

551 1900 616 1952 et
676 1889 939 1974 quidem
1001 1913 1080 1954 ex
1131 1891 1235 1954 his
1295 1914 1430 1956 non
1489 1891 1617 1956 nisi
1678 1894 2016 1958 commode
2076 1894 2294 1959 venire
2349 1906 2613 1979 queant.

553 2000 709 2063 Non
738 2000 959 2085 itaque
1005 2001 1249 2065 infirmi
1294 2025 1367 2065 ac
1412 2003 1886 2083 valetudinarii,
1916 2027 2037 2069 nec
2074 2005 2188 2091 qui
2223 2006 2292 2069 in
2334 2005 2616 2090 regioni-

548 2110 672 2173 bus
716 2112 1166 2177 remotissimis
1211 2126 1437 2198 agunt,
1485 2122 1562 2178 ut
1606 2115 1675 2178 in
1710 2116 1961 2195 Indiis3
2008 2117 2126 2181 sed
2168 2139 2289 2180 nec
2334 2116 2453 2196 illi,
2498 2117 2611 2200 qui

548 2223 988 2307 praemanibus
1019 2224 1281 2309 negotia
1309 2224 1555 2289 habent
1585 2227 1807 2312 magni
1836 2227 2173 2307 momenti,
2196 2250 2343 2312 quae
2367 2228 2613 2312 absque

547 2335 725 2418 gravi
757 2335 1192 2416 incommodO,
1223 2336 1431 2402 deseri
1461 2359 1596 2402 non
1625 2350 1929 2422 possunt,
1960 2339 2370 2404 convenient.

552 2445 869 2511 Pendebit
921 2457 1140 2512 autem
1206 2449 1332 2513 hoc
1400 2470 1478 2512 ex
1535 2448 1786 2535 judicio
1846 2450 2186 2536 Praepositi
2251 2449 2611 2530 Generalis,

550 2559 604 2622 si
674 2560 731 2623 is
807 2569 1200 2624 conventum
1269 2561 1598 2642 indixerit,
1672 2562 1776 2626 vel
1849 2585 2096 2643 eorum,
2171 2562 2286 2646 qui
2336 2584 2607 2648 congre—

549 2671 684 2755 gati
757 2672 827 2735 in
903 2672 1177 2756 singulis
1255 2673 1610 2736 Provinciis
1688 2673 1951 2754 fuerint,
2012 2684 2087 2737 ut
2159 2684 2467 2738 venturos
2528 2673 2613 2736 ad

548 2782 913 2867 generalem
960 2796 1354 2849 conventum
1401 2784 1665 2869 eligant.
1755 2784 2001 2849 Verum
2049 2796 2124 2848 ut
2172 2794 2349 2848 certa
2398 2784 2614 2868 aliqua

548 2897 710 2960 ratio
742 2898 810 2960 in
840 2898 963 2960 hac
995 2898 1496 2983 congregatione
1543 2899 1837 2983 cogenda
1878 2898 2374 2985 praescribatur3
2440 2896 2611 2962 cum

550 3019 909 3072 conventus
942 3008 1372 3073 celebrabitur
1411 3010 1494 3072 ad
1538 3009 1911 3095 eligendum
1945 3010 2355 3090 Generalem,
2385 3020 2500 3073 aut
2530 3010 2614 3073 ad

550 3119 1039 3183 deliberandum
1071 3121 1151 3184 de
1182 3120 1284 3200 iis,
1315 3143 1460 3205 quae
1492 3122 1578 3185 ad
1611 3121 1998 3185 Generalem
2031 3122 2251 3207 ipsum
2282 3132 2612 3206 spectant3

549 3232 715 3293 terni
746 3253 824 3294 ex
857 3231 1130 3315 singulis
1164 3232 1519 3295 Provinciis
1549 3233 1836 3311 veniant,
1869 3232 2286 3296 Provincialis
2315 3232 2614 3296 videlicet

551 3343 947 3428 Praepositus
979 3366 1129 3407 cum
1161 3343 1419 3408 duobus
1451 3344 1615 3421 aliis,
1647 3344 1760 3427 qui
1789 3343 2031 3406 fuerint
2062 3343 2146 3406 ad
2188 3344 2313 3405 hoc
2358 3342 2613 3426 negoti-

548 3477 664 3518 um
722 3456 790 3518 in
842 3456 1362 3541 Congregatione
1423 3454 1803 3539 provinciali
1855 3454 2079 3518 electi:
2149 3475 2296 3537 quae
2348 3453 2611 3536 quidem

551 3566 987 3652 Congregatio
1039 3568 1108 3631 in
1172 3566 1444 3651 singulis
1496 3565 1853 3630 Provinciis
1907 3577 2057 3630 ante
2110 3564 2476 3651 generalem
2526 3565 2611 3628 ad

545 3679 723 3741 hunc
753 3679 953 3742 finem
984 3690 1272 3764 cogetur.
1366 3678 1774 3742 Convenient
1805 3689 2023 3741 autem
2064 3689 2129 3741 et
2175 3675 2463 3760 suffragii
2497 3674 2610 3760 jus

545 3789 883 3853 habebunt
924 3790 992 3852 in
1037 3812 1113 3853 ea
1145 3790 1428 3854 Professi
1471 3811 1697 3854 omnes
1731 3788 2109 3866 Provinciae,
2141 3787 2254 3870 qui
2297 3786 2608 3849 interesse

544 3911 878 3984 poterunt,
927 3901 1271 3986 Praepositi
1301 3902 1669 3966 Domorum
1716 3911 1911 3983 atque
1945 3897 2407 3982 Collegiorum,
2440 3898 2607 3960 Rec-

546 4022 742 4091 tores,
771 4034 846 4076 ac
882 4013 1363 4092 Procuratores,
1394 4013 1497 4077 vel
1540 4013 1608 4091 ii,
1640 4033 1803 4095 quos
1847 4021 2159 4095 tanquam
2202 4007 2473 4073 vicarios
2518 4008 2610 4071 illi

548 4144 667 4187 suo
699 4123 963 4188 nomine
994 4124 1310 4190 miserint.
1403 4124 1573 4188 Ciam
1607 4134 1966 4187 conventus
1998 4122 2081 4186 ad
2109 4143 2210 4186 res
2256 4120 2412 4184 alias
2444 4120 2611 4185 indi-

545 4245 800 4299 ceretur
830 4261 849 4315 3
928 4237 1325 4321 Praepositus
1403 4235 1822 4301 Provincialis
1899 4235 2035 4299 sine
2111 4233 2610 4318 congregatione
