3146 5014
526 495 608 558 92
1275 513 1928 559 CONSTITUTIONUM

654 679 825 742 inter
863 680 1039 764 ipsos
1084 680 1482 765 Superiores,
1535 702 1813 763 quorum
1866 680 1973 742 alii
2021 678 2159 741 aliis
2206 677 2599 758 subduntur,
2620 692 2711 743 ,et

656 789 1032 852 inferiorum
1065 812 1217 875 erga
1246 791 1388 853 illos
1419 791 1725 875 pertinet,
1755 790 1866 869 ita,
1895 801 1971 852 ut
2017 789 2280 873 singuli,
2325 789 2439 873 qui
2481 790 2549 852 in
2596 791 2711 853 ali-

658 921 787 983 qua
816 901 1010 963 domo
1048 901 1151 964 vel
1184 901 1473 986 Collegio
1519 911 1879 978 versantur,
1925 901 2008 962 ad
2052 922 2244 962 suum
2279 900 2709 984 Praepositum

651 1011 946 1090 localem,
978 1034 1092 1075 seu
1125 1014 1467 1075 Rectorem
1498 1022 1853 1090 recurrant,
1884 1022 1948 1075 et
1978 1032 2095 1095 per
2123 1032 2274 1073 eum
2303 1010 2373 1073 in
2404 1010 2709 1074 omnibus

650 1122 787 1207 regi
819 1144 886 1185 se
919 1122 1155 1185 sinant.
1244 1122 1362 1185 Eis
1393 1134 1634 1201 autem,
1666 1123 1780 1205 qui
1822 1144 1939 1207 per
1980 1120 2380 1205 provinciam
2425 1120 2705 1205 aliquam

651 1232 844 1295 variis
890 1232 958 1294 in
994 1232 1152 1295 locis
1203 1232 1512 1316 disjuncti
1559 1243 1850 1310 manent,
1892 1232 1972 1293 ad
2021 1230 2486 1294 Provincialem
2533 1232 2705 1295 Prae-

647 1344 961 1428 positum,
1020 1345 1124 1408 vel
1182 1343 1379 1406 alium
1431 1344 1702 1407 localem
1761 1342 2135 1407 viciniorem
2195 1341 2315 1406 erit
2372 1364 2704 1405 recurren-

650 1456 848 1535 dum3
914 1464 1111 1540 prout
1159 1457 1250 1519 eis
1299 1456 1670 1540 injunctum
1717 1455 1932 1518 fuerit.
2023 1454 2273 1518 Omnes
2323 1477 2474 1518 vero
2529 1456 2705 1518 Prae-

651 1568 848 1651 positi
877 1567 1134 1645 localeS,
1167 1568 1267 1631 vel
1299 1570 1607 1631 Rectores
1654 1567 1878 1630 crebra
1921 1566 2505 1630 communicatione
2551 1589 2701 1629 cum

651 1678 1034 1741 Provinciali
1065 1690 1355 1756 utantur,
1387 1690 1452 1742 et
1485 1679 1679 1764 juxta
1721 1678 1860 1762 ejus
1907 1676 2241 1740 arbitrium
2286 1676 2354 1739 in
2400 1676 2702 1740 omnibus

649 1811 717 1852 se
770 1800 1020 1874 gerant.
1109 1790 1362 1853 Eodem
1414 1790 1609 1853 modo
1666 1788 2003 1873 Praepositi
2058 1788 2490 1851 Provinciales
2549 1809 2699 1851 cum

651 1901 956 1984 Generali
1009 1923 1075 1964 se
1128 1900 1487 1964 habebunt.
1580 1900 1687 1963 Sic
1732 1900 1928 1979 enim,
1974 1899 2502 1963 subordinatione
2547 1921 2699 1962 con-

648 2022 917 2088 servata,
954 2011 1131 2089 unio,
1177 2032 1323 2093 quae
1372 2010 1442 2072 in
1490 2031 1565 2072 ea
1605 2031 1801 2092 quam
1845 2009 2123 2073 maxime
2168 2009 2483 2088 consistit,
2529 2010 2701 2094 aspi-

631 2131 827 2202 rante
859 2120 1066 2204 gratia
1101 2121 1250 2199 Dei,
1282 2120 1786 2183 conservabitur.

558 2239 594 2295 5
647 2231 864 2315 Siquis
911 2231 1244 2294 divisionis
1288 2231 1391 2294 vel
1423 2231 1841 2295 dissensionis
1873 2253 2116 2309 eorum,
2148 2233 2260 2314 qui
2290 2233 2421 2295 una
2447 2231 2699 2311 vivunt,

641 2341 813 2404 inter
844 2363 933 2418 se,
964 2341 1066 2404 vel
1096 2364 1246 2404 cum
1288 2364 1406 2404 suo
1439 2342 1649 2426 capite
1682 2353 1869 2405 autor
1899 2364 2037 2405 esse
2084 2355 2492 2420 cerneretur3
2555 2342 2698 2406 dili-

641 2452 1019 2536 gentissime
1066 2451 1147 2515 ab
1192 2474 1268 2515 ea
1313 2451 1833 2537 Congregatione
1879 2452 2055 2516 velut
2098 2453 2323 2539 pestiS,
2360 2475 2506 2537 quae
2554 2475 2696 2517 eam

644 2571 861 2649 potest
912 2585 1320 2648 summopere
1373 2564 1657 2643 inficere,
1711 2564 1765 2627 si
1811 2586 2098 2648 praesens
2157 2564 2513 2627 remedium
2562 2588 2692 2628 non

642 2674 1038 2753 adhibeatur,
1077 2674 1472 2758 separandus
1504 2681 1623 2736 est.

556 2791 596 2848 6
643 2784 748 2846 Ex
801 2796 985 2867 parte
1040 2784 1380 2867 Praepositi
1426 2784 1788 2863 Generalis,
1840 2806 1986 2867 quae
2039 2784 2122 2846 ad
2169 2785 2337 2847 hanc
2384 2786 2692 2849 unionem

643 2894 1007 2958 animorum
1040 2894 1394 2971 conferent,
1427 2905 1582 2956 sunt
1614 2916 1705 2957 eae
1747 2895 1952 2972 dotes,
1983 2894 2220 2976 quibus
2258 2896 2355 2977 (ut
2398 2895 2467 2957 in
2515 2918 2695 2960 nona

638 3015 822 3088 parte
855 3003 1124 3086 dicetur)
1175 3025 1324 3066 eum
1371 3004 1665 3067 exornari
1709 3015 2005 3088 oportet3
2049 3004 2286 3086 quibus
2330 3026 2481 3067 cum
2526 3027 2694 3089 prae-

641 3114 817 3178 ditus
847 3115 1062 3192 fuerit,
1094 3137 1246 3200 erga
1276 3116 1493 3180 omnia
1521 3115 1812 3178 membra
1843 3115 2181 3178 Societatis
2226 3138 2343 3179 suo
2383 3117 2694 3201 fungetur

640 3226 871 3304 officio,
903 3226 1131 3310 capitis
1162 3226 1481 3304 videlicet,
1513 3248 1550 3289 a
1581 3248 1710 3310 quo
1751 3227 1818 3289 in
1864 3226 2039 3289 illam
2083 3227 2368 3290 influxus
2414 3228 2497 3290 ad
2524 3252 2693 3313 prae-

597 3334 609 3343 ’
641 3340 846 3402 fixum
877 3339 1002 3424 ipsi
1032 3340 1231 3402 finem
1263 3339 1658 3405 necessarius
1683 3339 2071 3402 descendat:
2119 3351 2184 3402 et
2215 3340 2365 3403 sica
2388 3341 2690 3404 Generali

641 3450 1019 3534 Praeposito,
1064 3461 1138 3513 ut
1185 3472 1222 3512 a
1267 3450 1501 3533 capite,
1545 3449 1847 3511 universa
1888 3449 2161 3513 facultas
2194 3450 2687 3514 Provincialium

639 3559 1026 3643 egrediatur,
1058 3581 1131 3622 ac
1161 3582 1278 3644 per
1308 3582 1416 3622 eos
1449 3560 1531 3622 ad
1562 3560 1855 3639 LocaleS,
1885 3582 2002 3644 per
2030 3562 2151 3624 hos
2182 3575 2399 3625 autem
2444 3562 2528 3625 ad
2558 3562 2689 3625 sin-

638 3671 893 3755 gulares
924 3693 1234 3755 personas
1267 3672 1659 3734 descendat:
1709 3672 1799 3735 sic
1840 3672 2033 3735 etiam
2081 3674 2161 3736 ab
2208 3675 2433 3737 eodem
2479 3674 2688 3759 capite

645 3781 769 3863 (vel
817 3783 988 3844 certe
1041 3804 1116 3845 eo
1172 3804 1356 3845 suam
1403 3781 1776 3845 facultatem
1838 3784 2378 3862 communicante,
2438 3795 2504 3847 et
2553 3807 2689 3847 rem

638 3892 1061 3976 approbante)
1109 3893 1449 3956 missiones
1494 3893 1870 3977 procedant.
1959 3894 2063 3957 De
2109 3894 2691 3958 communicatione

549 4078 558 4085 ·
641 4004 994 4086 gratiarum
1027 4004 1367 4069 Societatis
1400 4006 1788 4070 tantundem
1835 4006 1918 4069 sit
1962 4006 2230 4069 dictum.
2324 4007 2474 4072 Quo
2518 4006 2692 4070 enim

641 4112 847 4195 magis
909 4113 1239 4177 inferiores
1301 4136 1339 4176 a
1398 4116 1532 4178 suis
1597 4116 2049 4201 Superioribus
2109 4117 2541 4201 pendebunt3
2615 4139 2692 4181 eo

638 4221 869 4285 melius
900 4245 1080 4288 amor
1109 4224 1491 4290 obedientiae
1523 4239 1716 4310 atque
1748 4228 1902 4292 unio
1933 4228 2103 4293 inter
2131 4251 2240 4293 eos
2270 4226 2672 4292 retinebitur.
