<?xml version="1.0" encoding="UTF-8"?>
<!DOCTYPE html PUBLIC "-//W3C//DTD XHTML 1.0 Transitional//EN"
    "http://www.w3.org/TR/xhtml1/DTD/xhtml1-transitional.dtd">
<html xmlns="http://www.w3.org/1999/xhtml" xml:lang="en" lang="en">
 <head>
  <title>
</title>
<meta http-equiv="Content-Type" content="text/html;charset=utf-8" />
  <meta name='ocr-system' content='tesseract 3.04.00' />
  <meta name='ocr-capabilities' content='ocr_page ocr_carea ocr_par ocr_line ocrx_word'/>
</head>
<body>
  <div class='ocr_page' id='page_1' title='image "./constitutioness02jesugoog_0140.png"; bbox 0 0 3146 5014; ppageno 0'>
   <div class='ocr_carea' id='block_1_1' title="bbox 554 488 1958 548">
    <p class='ocr_par' dir='ltr' id='par_1_1' title="bbox 554 488 1958 548">
     <span class='ocr_line' id='line_1_1' title="bbox 554 488 1958 548; baseline 0.001 -2"><span class='ocrx_word' id='word_1_1' title='bbox 554 488 676 546; x_wconf 83' lang='lat'><strong>122</strong></span> <span class='ocrx_word' id='word_1_2' title='bbox 1306 502 1958 548; x_wconf 75' lang='lat' dir='ltr'>CONSTITUTIONUM</span> 
     </span>
    </p>
   </div>
   <div class='ocr_carea' id='block_1_2' title="bbox 674 667 2737 1202">
    <p class='ocr_par' dir='ltr' id='par_1_2' title="bbox 674 667 2737 1202">
     <span class='ocr_line' id='line_1_2' title="bbox 678 667 2737 761; baseline 0.003 -28"><span class='ocrx_word' id='word_1_3' title='bbox 678 679 746 733; x_wconf 89' lang='lat' dir='ltr'><strong>et</strong></span> <span class='ocrx_word' id='word_1_4' title='bbox 772 668 1186 754; x_wconf 82' lang='lat' dir='ltr'><strong>paucioribus</strong></span> <span class='ocrx_word' id='word_1_5' title='bbox 1215 688 1335 753; x_wconf 93' lang='lat' dir='ltr'><strong>pro</strong></span> <span class='ocrx_word' id='word_1_6' title='bbox 1379 667 1786 747; x_wconf 78' lang='lat' dir='ltr'><strong>necessitate,</strong></span> <span class='ocrx_word' id='word_1_7' title='bbox 1815 690 1891 733; x_wconf 91' lang='lat' dir='ltr'><strong>ac</strong></span> <span class='ocrx_word' id='word_1_8' title='bbox 1934 680 2271 735; x_wconf 90' lang='lat' dir='ltr'><strong>momento</strong></span> <span class='ocrx_word' id='word_1_9' title='bbox 2312 694 2530 737; x_wconf 85' lang='lat' dir='ltr'><strong>rerum</strong></span> <span class='ocrx_word' id='word_1_10' title='bbox 2574 675 2737 761; x_wconf 90' lang='lat' dir='ltr'><strong>ipsis</strong></span> 
     </span>
     <span class='ocr_line' id='line_1_3' title="bbox 677 781 2735 869; baseline 0.002 -23"><span class='ocrx_word' id='word_1_11' title='bbox 677 782 1169 846; x_wconf 85' lang='lat' dir='ltr'><strong>commissarum</strong></span> <span class='ocrx_word' id='word_1_12' title='bbox 1200 781 1521 848; x_wconf 85' lang='lat' dir='ltr'><strong>sublevari</strong></span> <span class='ocrx_word' id='word_1_13' title='bbox 1563 782 1827 862; x_wconf 91' lang='lat' dir='ltr'><strong>debent,</strong></span> <span class='ocrx_word' id='word_1_14' title='bbox 1857 803 1931 846; x_wconf 91' lang='lat' dir='ltr'><strong>ac</strong></span> <span class='ocrx_word' id='word_1_15' title='bbox 1974 783 2304 869; x_wconf 74' lang='lat' dir='ltr'><strong>praecipue</strong></span> <span class='ocrx_word' id='word_1_16' title='bbox 2348 786 2433 848; x_wconf 89' lang='lat' dir='ltr'><strong>ad</strong></span> <span class='ocrx_word' id='word_1_17' title='bbox 2477 788 2735 851; x_wconf 90' lang='lat' dir='ltr'><strong>consili-</strong></span> 
     </span>
     <span class='ocr_line' id='line_1_4' title="bbox 674 893 2728 980; baseline 0.002 -24"><span class='ocrx_word' id='word_1_18' title='bbox 674 917 788 957; x_wconf 93' lang='lat' dir='ltr'><strong>um</strong></span> <span class='ocrx_word' id='word_1_19' title='bbox 825 894 1094 979; x_wconf 84' lang='lat' dir='ltr'><strong>aliquos,</strong></span> <span class='ocrx_word' id='word_1_20' title='bbox 1143 916 1293 958; x_wconf 91' lang='lat' dir='ltr'><strong>cum</strong></span> <span class='ocrx_word' id='word_1_21' title='bbox 1341 893 1580 977; x_wconf 89' lang='lat' dir='ltr'><strong>quibus</strong></span> <span class='ocrx_word' id='word_1_22' title='bbox 1623 915 1727 957; x_wconf 87' lang='lat' dir='ltr'><strong>res</strong></span> <span class='ocrx_word' id='word_1_23' title='bbox 1771 894 2117 979; x_wconf 85' lang='lat' dir='ltr'><strong>graviores,</strong></span> <span class='ocrx_word' id='word_1_24' title='bbox 2162 917 2310 980; x_wconf 87' lang='lat' dir='ltr'><strong>quae</strong></span> <span class='ocrx_word' id='word_1_25' title='bbox 2357 910 2728 979; x_wconf 88' lang='lat' dir='ltr'><strong>occurrunt,</strong></span> 
     </span>
     <span class='ocr_line' id='line_1_5' title="bbox 682 1004 2730 1091; baseline 0.002 -22"><span class='ocrx_word' id='word_1_26' title='bbox 682 1007 1166 1072; x_wconf 90' lang='lat' dir='ltr'><strong>communicent</strong></span> <span class='ocrx_word' id='word_1_27' title='bbox 1202 1005 1498 1091; x_wconf 84' lang='lat' dir='ltr'>(quanvis</span> <span class='ocrx_word' id='word_1_28' title='bbox 1528 1004 1622 1069; x_wconf 92' lang='lat' dir='ltr'><strong>eis</strong></span> <span class='ocrx_word' id='word_1_29' title='bbox 1653 1005 1890 1070; x_wconf 88' lang='lat' dir='ltr'><strong>auditis</strong></span> <span class='ocrx_word' id='word_1_30' title='bbox 1929 1028 2131 1091; x_wconf 92' lang='lat' dir='ltr'><strong>penes</strong></span> <span class='ocrx_word' id='word_1_31' title='bbox 2177 1008 2439 1074; x_wconf 91' lang='lat' dir='ltr'><strong>eosdem</strong></span> <span class='ocrx_word' id='word_1_32' title='bbox 2486 1009 2570 1073; x_wconf 90' lang='lat' dir='ltr'><strong>sit</strong></span> <span class='ocrx_word' id='word_1_33' title='bbox 2601 1021 2730 1073; x_wconf 90' lang='lat' dir='ltr'><strong>sta-</strong></span> 
     </span>
     <span class='ocr_line' id='line_1_6' title="bbox 676 1116 1972 1202; baseline 0 -21"><span class='ocrx_word' id='word_1_34' title='bbox 676 1118 905 1182; x_wconf 90' lang='lat' dir='ltr'><strong>tuendi</strong></span> <span class='ocrx_word' id='word_1_35' title='bbox 932 1118 1228 1201; x_wconf 78' lang='lat' dir='ltr'><strong>facultas)</strong></span> <span class='ocrx_word' id='word_1_36' title='bbox 1267 1117 1639 1202; x_wconf 86' lang='lat' dir='ltr'><strong>designatos</strong></span> <span class='ocrx_word' id='word_1_37' title='bbox 1669 1116 1972 1182; x_wconf 89' lang='lat' dir='ltr'><strong>habeant.</strong></span> 
     </span>
    </p>
   </div>
   <div class='ocr_carea' id='block_1_3' title="bbox 1073 1851 2183 1962">
    <p class='ocr_par' dir='ltr' id='par_1_3' title="bbox 1073 1851 2183 1962">
     <span class='ocr_line' id='line_1_7' title="bbox 1073 1851 2183 1962; baseline 0.002 -20"><span class='ocrx_word' id='word_1_38' title='bbox 1073 1851 1675 1943; x_wconf 87' lang='lat' dir='ltr'><strong>DECIMA</strong></span> <span class='ocrx_word' id='word_1_39' title='bbox 1767 1852 2183 1962; x_wconf 58' lang='lat' dir='ltr'><strong>PAR&amp;</strong></span> 
     </span>
    </p>
   </div>
   <div class='ocr_carea' id='block_1_4' title="bbox 605 2078 2674 2274">
    <p class='ocr_par' dir='ltr' id='par_1_4' title="bbox 605 2078 2674 2274">
     <span class='ocr_line' id='line_1_8' title="bbox 605 2078 2674 2161; baseline 0 -20"><span class='ocrx_word' id='word_1_40' title='bbox 605 2079 682 2141; x_wconf 84' lang='lat' dir='ltr'><strong>de</strong></span> <span class='ocrx_word' id='word_1_41' title='bbox 710 2079 910 2159; x_wconf 85' lang='lat' dir='ltr'><strong>modo,</strong></span> <span class='ocrx_word' id='word_1_42' title='bbox 942 2099 1060 2161; x_wconf 80' lang='lat' dir='ltr'><strong>quo</strong></span> <span class='ocrx_word' id='word_1_43' title='bbox 1092 2080 1471 2157; x_wconf 64' lang='lat' dir='ltr'><strong>conservari,</strong></span> <span class='ocrx_word' id='word_1_44' title='bbox 1503 2084 1565 2141; x_wconf 86' lang='lat' dir='ltr'><strong>et</strong></span> <span class='ocrx_word' id='word_1_45' title='bbox 1597 2080 1817 2161; x_wconf 61' lang='lat' dir='ltr'><strong>augeri</strong></span> <span class='ocrx_word' id='word_1_46' title='bbox 1848 2084 2049 2142; x_wconf 81' lang='lat' dir='ltr'><strong>totum</strong></span> <span class='ocrx_word' id='word_1_47' title='bbox 2078 2099 2303 2160; x_wconf 75' lang='lat' dir='ltr'><strong>corpus</strong></span> <span class='ocrx_word' id='word_1_48' title='bbox 2334 2078 2674 2143; x_wconf 73' lang='lat' dir='ltr'><strong>Societatis</strong></span> 
     </span>
     <span class='ocr_line' id='line_1_9' title="bbox 1210 2190 2066 2274; baseline 0.002 -22"><span class='ocrx_word' id='word_1_49' title='bbox 1210 2192 1280 2253; x_wconf 79' lang='lat' dir='ltr'><strong>in</strong></span> <span class='ocrx_word' id='word_1_50' title='bbox 1307 2211 1419 2254; x_wconf 68' lang='lat' dir='ltr'><strong>suo</strong></span> <span class='ocrx_word' id='word_1_51' title='bbox 1452 2190 1605 2254; x_wconf 79' lang='lat' dir='ltr'><strong>bono</strong></span> <span class='ocrx_word' id='word_1_52' title='bbox 1627 2196 1803 2253; x_wconf 77' lang='lat' dir='ltr'><strong>statu</strong></span> <span class='ocrx_word' id='word_1_53' title='bbox 1833 2191 2066 2274; x_wconf 75' lang='lat' dir='ltr'><strong>possit.</strong></span> 
     </span>
    </p>
   </div>
   <div class='ocr_carea' id='block_1_5' title="bbox 575 2677 2723 4320">
    <p class='ocr_par' dir='ltr' id='par_1_5' title="bbox 861 2677 2723 2764">
     <span class='ocr_line' id='line_1_10' title="bbox 861 2677 2723 2764; baseline -0.002 -21"><span class='ocrx_word' id='word_1_54' title='bbox 861 2687 976 2757; x_wconf 77' lang='lat' dir='ltr'><strong>est,</strong></span> <span class='ocrx_word' id='word_1_55' title='bbox 1005 2701 1124 2764; x_wconf 90' lang='lat' dir='ltr'><strong>per</strong></span> <span class='ocrx_word' id='word_1_56' title='bbox 1153 2701 1228 2743; x_wconf 91' lang='lat' dir='ltr'><strong>ea</strong></span> <span class='ocrx_word' id='word_1_57' title='bbox 1255 2700 1376 2742; x_wconf 89' lang='lat' dir='ltr'><strong>nec</strong></span> <span class='ocrx_word' id='word_1_58' title='bbox 1407 2677 1771 2742; x_wconf 89' lang='lat' dir='ltr'><strong>conservari</strong></span> <span class='ocrx_word' id='word_1_59' title='bbox 1800 2699 1920 2741; x_wconf 92' lang='lat' dir='ltr'><strong>nec</strong></span> <span class='ocrx_word' id='word_1_60' title='bbox 1951 2677 2171 2762; x_wconf 85' lang='lat' dir='ltr'><strong>augeri</strong></span> <span class='ocrx_word' id='word_1_61' title='bbox 2199 2688 2438 2762; x_wconf 85' lang='lat' dir='ltr'><strong>potest,</strong></span> <span class='ocrx_word' id='word_1_62' title='bbox 2463 2678 2578 2740; x_wconf 89' lang='lat' dir='ltr'><strong>sed</strong></span> <span class='ocrx_word' id='word_1_63' title='bbox 2605 2699 2723 2762; x_wconf 91' lang='lat' dir='ltr'><strong>per</strong></span> 
     </span>
    </p>

    <p class='ocr_par' dir='ltr' id='par_1_6' title="bbox 661 2787 2723 3758">
     <span class='ocr_line' id='line_1_11' title="bbox 868 2787 2721 2873; baseline -0.001 -20"><span class='ocrx_word' id='word_1_64' title='bbox 868 2790 1141 2873; x_wconf 85' lang='lat' dir='ltr'><strong>gratiam</strong></span> <span class='ocrx_word' id='word_1_65' title='bbox 1186 2787 1651 2873; x_wconf 88' lang='lat' dir='ltr'><strong>omnipotentis</strong></span> <span class='ocrx_word' id='word_1_66' title='bbox 1705 2788 1834 2852; x_wconf 90' lang='lat' dir='ltr'><strong>Dei</strong></span> <span class='ocrx_word' id='word_1_67' title='bbox 1877 2810 1952 2852; x_wconf 88' lang='lat' dir='ltr'><strong>ac</strong></span> <span class='ocrx_word' id='word_1_68' title='bbox 1998 2788 2267 2851; x_wconf 90' lang='lat' dir='ltr'><strong>Domini</strong></span> <span class='ocrx_word' id='word_1_69' title='bbox 2313 2788 2520 2852; x_wconf 83' lang='lat' dir='ltr'><strong>nostri</strong></span> <span class='ocrx_word' id='word_1_70' title='bbox 2558 2789 2603 2853; x_wconf 91' lang='lat' dir='ltr'><strong>J</strong></span> <span class='ocrx_word' id='word_1_71' title='bbox 2605 2811 2721 2852; x_wconf 90' lang='lat' dir='ltr'><strong>esu</strong></span> 
     </span>
     <span class='ocr_line' id='line_1_12' title="bbox 672 2898 2723 2985; baseline 0.001 -24"><span class='ocrx_word' id='word_1_72' title='bbox 672 2898 958 2978; x_wconf 83' lang='lat' dir='ltr'><strong>Christi3</strong></span> <span class='ocrx_word' id='word_1_73' title='bbox 1003 2901 1072 2962; x_wconf 90' lang='lat' dir='ltr'><strong>in</strong></span> <span class='ocrx_word' id='word_1_74' title='bbox 1102 2922 1179 2963; x_wconf 92' lang='lat' dir='ltr'><strong>eo</strong></span> <span class='ocrx_word' id='word_1_75' title='bbox 1211 2901 1346 2964; x_wconf 88' lang='lat' dir='ltr'><strong>solo</strong></span> <span class='ocrx_word' id='word_1_76' title='bbox 1379 2921 1562 2985; x_wconf 82' lang='lat' dir='ltr'><strong>spem</strong></span> <span class='ocrx_word' id='word_1_77' title='bbox 1595 2899 1905 2963; x_wconf 88' lang='lat' dir='ltr'><strong>constitui</strong></span> <span class='ocrx_word' id='word_1_78' title='bbox 1935 2909 2212 2984; x_wconf 88' lang='lat' dir='ltr'><strong>oportet,</strong></span> <span class='ocrx_word' id='word_1_79' title='bbox 2244 2901 2420 2983; x_wconf 92' lang='lat' dir='ltr'><strong>quod</strong></span> <span class='ocrx_word' id='word_1_80' title='bbox 2464 2922 2723 2964; x_wconf 84' lang='lat' dir='ltr'><strong>conser-</strong></span> 
     </span>
     <span class='ocr_line' id='line_1_13' title="bbox 664 3011 2720 3097; baseline 0 -23"><span class='ocrx_word' id='word_1_81' title='bbox 664 3020 932 3075; x_wconf 87' lang='lat' dir='ltr'><strong>vaturus</strong></span> <span class='ocrx_word' id='word_1_82' title='bbox 964 3011 1070 3091; x_wconf 89' lang='lat' dir='ltr'><strong>sit,</strong></span> <span class='ocrx_word' id='word_1_83' title='bbox 1100 3022 1166 3076; x_wconf 94' lang='lat' dir='ltr'><strong>et</strong></span> <span class='ocrx_word' id='word_1_84' title='bbox 1194 3023 1612 3097; x_wconf 88' lang='lat' dir='ltr'><strong>promoturus</strong></span> <span class='ocrx_word' id='word_1_85' title='bbox 1641 3012 1767 3076; x_wconf 91' lang='lat' dir='ltr'><strong>hoc</strong></span> <span class='ocrx_word' id='word_1_86' title='bbox 1796 3033 1984 3095; x_wconf 93' lang='lat' dir='ltr'><strong>opus,</strong></span> <span class='ocrx_word' id='word_1_87' title='bbox 2015 3011 2193 3095; x_wconf 87' lang='lat' dir='ltr'><strong>quod</strong></span> <span class='ocrx_word' id='word_1_88' title='bbox 2221 3011 2306 3074; x_wconf 89' lang='lat' dir='ltr'><strong>ad</strong></span> <span class='ocrx_word' id='word_1_89' title='bbox 2335 3011 2720 3095; x_wconf 84' lang='lat' dir='ltr'><strong>obsequium</strong></span> 
     </span>
     <span class='ocr_line' id='line_1_14' title="bbox 664 3121 2721 3207; baseline 0 -24"><span class='ocrx_word' id='word_1_90' title='bbox 664 3130 730 3184; x_wconf 93' lang='lat' dir='ltr'><strong>et</strong></span> <span class='ocrx_word' id='word_1_91' title='bbox 776 3121 1036 3185; x_wconf 89' lang='lat' dir='ltr'><strong>laudem</strong></span> <span class='ocrx_word' id='word_1_92' title='bbox 1085 3143 1291 3202; x_wconf 86' lang='lat' dir='ltr'><strong>suam,</strong></span> <span class='ocrx_word' id='word_1_93' title='bbox 1341 3134 1406 3187; x_wconf 92' lang='lat' dir='ltr'><strong>et</strong></span> <span class='ocrx_word' id='word_1_94' title='bbox 1455 3122 1766 3186; x_wconf 86' lang='lat' dir='ltr'><strong>auxilium</strong></span> <span class='ocrx_word' id='word_1_95' title='bbox 1814 3121 2175 3185; x_wconf 91' lang='lat' dir='ltr'><strong>animarum</strong></span> <span class='ocrx_word' id='word_1_96' title='bbox 2227 3121 2532 3185; x_wconf 89' lang='lat' dir='ltr'><strong>inchoare</strong></span> <span class='ocrx_word' id='word_1_97' title='bbox 2578 3121 2721 3207; x_wconf 87' lang='lat' dir='ltr'><strong>dig-</strong></span> 
     </span>
     <span class='ocr_line' id='line_1_15' title="bbox 664 3232 2719 3318; baseline 0 -23"><span class='ocrx_word' id='word_1_98' title='bbox 664 3242 858 3295; x_wconf 91' lang='lat' dir='ltr'><strong>natus</strong></span> <span class='ocrx_word' id='word_1_99' title='bbox 898 3239 1018 3297; x_wconf 91' lang='lat' dir='ltr'><strong>est.</strong></span> <span class='ocrx_word' id='word_1_100' title='bbox 1105 3233 1196 3297; x_wconf 90' lang='lat' dir='ltr'><strong>Et</strong></span> <span class='ocrx_word' id='word_1_101' title='bbox 1258 3233 1451 3318; x_wconf 87' lang='lat' dir='ltr'><strong>juxta</strong></span> <span class='ocrx_word' id='word_1_102' title='bbox 1504 3255 1689 3318; x_wconf 91' lang='lat' dir='ltr'><strong>spem</strong></span> <span class='ocrx_word' id='word_1_103' title='bbox 1748 3233 1918 3296; x_wconf 89' lang='lat' dir='ltr'><strong>hanc</strong></span> <span class='ocrx_word' id='word_1_104' title='bbox 1977 3232 2262 3317; x_wconf 91' lang='lat' dir='ltr'><strong>primum</strong></span> <span class='ocrx_word' id='word_1_105' title='bbox 2316 3233 2605 3296; x_wconf 91' lang='lat' dir='ltr'><strong>medium</strong></span> <span class='ocrx_word' id='word_1_106' title='bbox 2653 3244 2719 3296; x_wconf 92' lang='lat' dir='ltr'><strong>et</strong></span> 
     </span>
     <span class='ocr_line' id='line_1_16' title="bbox 664 3343 2718 3421; baseline 0 -15"><span class='ocrx_word' id='word_1_107' title='bbox 664 3344 943 3408; x_wconf 71' lang='lat' dir='ltr'><strong>maxime</strong></span> <span class='ocrx_word' id='word_1_108' title='bbox 988 3356 1496 3410; x_wconf 89' lang='lat' dir='ltr'><strong>consentaneum</strong></span> <span class='ocrx_word' id='word_1_109' title='bbox 1541 3343 1907 3408; x_wconf 90' lang='lat' dir='ltr'><strong>orationum</strong></span> <span class='ocrx_word' id='word_1_110' title='bbox 1955 3354 2020 3406; x_wconf 92' lang='lat' dir='ltr'><strong>et</strong></span> <span class='ocrx_word' id='word_1_111' title='bbox 2067 3343 2527 3407; x_wconf 87' lang='lat' dir='ltr'><strong>sacrificiorum</strong></span> <span class='ocrx_word' id='word_1_112' title='bbox 2576 3343 2718 3421; x_wconf 91' lang='lat' dir='ltr'><strong>erit,</strong></span> 
     </span>
     <span class='ocr_line' id='line_1_17' title="bbox 661 3455 2716 3540; baseline -0 -20"><span class='ocrx_word' id='word_1_113' title='bbox 661 3479 808 3539; x_wconf 88' lang='lat' dir='ltr'><strong>quae</strong></span> <span class='ocrx_word' id='word_1_114' title='bbox 837 3457 959 3521; x_wconf 90' lang='lat' dir='ltr'><strong>hac</strong></span> <span class='ocrx_word' id='word_1_115' title='bbox 989 3479 1141 3521; x_wconf 91' lang='lat' dir='ltr'><strong>cum</strong></span> <span class='ocrx_word' id='word_1_116' title='bbox 1179 3457 1538 3522; x_wconf 91' lang='lat' dir='ltr'><strong>intentione</strong></span> <span class='ocrx_word' id='word_1_117' title='bbox 1586 3465 1809 3520; x_wconf 89' lang='lat' dir='ltr'><strong>sancta</strong></span> <span class='ocrx_word' id='word_1_118' title='bbox 1854 3456 2087 3535; x_wconf 86' lang='lat' dir='ltr'><strong>offerri,</strong></span> <span class='ocrx_word' id='word_1_119' title='bbox 2133 3467 2198 3519; x_wconf 91' lang='lat' dir='ltr'><strong>et</strong></span> <span class='ocrx_word' id='word_1_120' title='bbox 2243 3455 2515 3540; x_wconf 85' lang='lat' dir='ltr'><strong>singulis</strong></span> <span class='ocrx_word' id='word_1_121' title='bbox 2560 3455 2716 3519; x_wconf 89' lang='lat' dir='ltr'><strong>heb·</strong></span> 
     </span>
     <span class='ocr_line' id='line_1_18' title="bbox 663 3565 2716 3646; baseline 0 -18"><span class='ocrx_word' id='word_1_122' title='bbox 663 3566 976 3646; x_wconf 91' lang='lat' dir='ltr'><strong>domadis,</strong></span> <span class='ocrx_word' id='word_1_123' title='bbox 1006 3567 1361 3645; x_wconf 76' lang='lat' dir='ltr'><strong>mensibuS,</strong></span> <span class='ocrx_word' id='word_1_124' title='bbox 1392 3578 1457 3630; x_wconf 92' lang='lat' dir='ltr'><strong>et</strong></span> <span class='ocrx_word' id='word_1_125' title='bbox 1500 3566 1687 3630; x_wconf 89' lang='lat' dir='ltr'><strong>annis</strong></span> <span class='ocrx_word' id='word_1_126' title='bbox 1732 3566 1802 3629; x_wconf 92' lang='lat' dir='ltr'><strong>in</strong></span> <span class='ocrx_word' id='word_1_127' title='bbox 1848 3566 2152 3630; x_wconf 89' lang='lat' dir='ltr'><strong>omnibus</strong></span> <span class='ocrx_word' id='word_1_128' title='bbox 2181 3565 2361 3645; x_wconf 79' lang='lat' dir='ltr'><strong>lociS,</strong></span> <span class='ocrx_word' id='word_1_129' title='bbox 2393 3565 2508 3628; x_wconf 88' lang='lat' dir='ltr'><strong>ubi</strong></span> <span class='ocrx_word' id='word_1_130' title='bbox 2540 3565 2716 3630; x_wconf 84' lang='lat' dir='ltr'><strong>Soci-</strong></span> 
     </span>
     <span class='ocr_line' id='line_1_19' title="bbox 662 3676 2302 3758; baseline 0.001 -18"><span class='ocrx_word' id='word_1_131' title='bbox 662 3688 798 3741; x_wconf 87' lang='lat' dir='ltr'><strong>etas</strong></span> <span class='ocrx_word' id='word_1_132' title='bbox 827 3677 1088 3758; x_wconf 85' lang='lat' dir='ltr'><strong>residet,</strong></span> <span class='ocrx_word' id='word_1_133' title='bbox 1119 3688 1294 3742; x_wconf 88' lang='lat' dir='ltr'><strong>certa</strong></span> <span class='ocrx_word' id='word_1_134' title='bbox 1323 3677 1725 3742; x_wconf 88' lang='lat' dir='ltr'><strong>ordinatione</strong></span> <span class='ocrx_word' id='word_1_135' title='bbox 1756 3677 2012 3740; x_wconf 88' lang='lat' dir='ltr'><strong>institui</strong></span> <span class='ocrx_word' id='word_1_136' title='bbox 2043 3676 2302 3741; x_wconf 88' lang='lat' dir='ltr'><strong>debent.</strong></span> 
     </span>
    </p>

    <p class='ocr_par' dir='ltr' id='par_1_7' title="bbox 575 3786 2718 4320">
     <span class='ocr_line' id='line_1_20' title="bbox 575 3786 2717 3871; baseline -0.001 -19"><span class='ocrx_word' id='word_1_137' title='bbox 575 3797 613 3852; x_wconf 84' lang='lat'>2</span> <span class='ocrx_word' id='word_1_138' title='bbox 661 3791 769 3853; x_wconf 85' lang='lat' dir='ltr'><strong>Ad</strong></span> <span class='ocrx_word' id='word_1_139' title='bbox 799 3791 1351 3855; x_wconf 89' lang='lat' dir='ltr'><strong>conservationem</strong></span> <span class='ocrx_word' id='word_1_140' title='bbox 1382 3801 1447 3853; x_wconf 92' lang='lat' dir='ltr'><strong>et</strong></span> <span class='ocrx_word' id='word_1_141' title='bbox 1475 3789 1951 3852; x_wconf 87' lang='lat' dir='ltr'><strong>incrementum</strong></span> <span class='ocrx_word' id='word_1_142' title='bbox 1982 3811 2115 3852; x_wconf 90' lang='lat' dir='ltr'><strong>non</strong></span> <span class='ocrx_word' id='word_1_143' title='bbox 2162 3789 2372 3852; x_wconf 91' lang='lat' dir='ltr'><strong>solum</strong></span> <span class='ocrx_word' id='word_1_144' title='bbox 2409 3786 2717 3871; x_wconf 78' lang='lat' dir='ltr'><strong>corporiS,</strong></span> 
     </span>
     <span class='ocr_line' id='line_1_21' title="bbox 661 3897 2717 3986; baseline -0.003 -20"><span class='ocrx_word' id='word_1_145' title='bbox 661 3904 731 3965; x_wconf 91' lang='lat' dir='ltr'><strong>id</strong></span> <span class='ocrx_word' id='word_1_146' title='bbox 782 3914 881 3966; x_wconf 92' lang='lat' dir='ltr'><strong>est</strong></span> <span class='ocrx_word' id='word_1_147' title='bbox 942 3924 1187 3982; x_wconf 89' lang='lat' dir='ltr'><strong>eorum,</strong></span> <span class='ocrx_word' id='word_1_148' title='bbox 1248 3924 1394 3986; x_wconf 87' lang='lat' dir='ltr'><strong>quae</strong></span> <span class='ocrx_word' id='word_1_149' title='bbox 1456 3912 1721 3964; x_wconf 87' lang='lat' dir='ltr'><strong>externa</strong></span> <span class='ocrx_word' id='word_1_150' title='bbox 1781 3911 1957 3979; x_wconf 86' lang='lat' dir='ltr'><strong>sunt,</strong></span> <span class='ocrx_word' id='word_1_151' title='bbox 2019 3901 2135 3964; x_wconf 88' lang='lat' dir='ltr'><strong>sed</strong></span> <span class='ocrx_word' id='word_1_152' title='bbox 2193 3899 2388 3963; x_wconf 90' lang='lat' dir='ltr'><strong>etiam</strong></span> <span class='ocrx_word' id='word_1_153' title='bbox 2451 3897 2717 3982; x_wconf 86' lang='lat' dir='ltr'><strong>spiritus</strong></span> 
     </span>
     <span class='ocr_line' id='line_1_22' title="bbox 663 4008 2718 4097; baseline -0.002 -22"><span class='ocrx_word' id='word_1_154' title='bbox 663 4013 1002 4077; x_wconf 86' lang='lat' dir='ltr'><strong>Societatis</strong></span> <span class='ocrx_word' id='word_1_155' title='bbox 1044 4021 1238 4097; x_wconf 92' lang='lat' dir='ltr'><strong>atque</strong></span> <span class='ocrx_word' id='word_1_156' title='bbox 1282 4014 1367 4076; x_wconf 89' lang='lat' dir='ltr'><strong>ad</strong></span> <span class='ocrx_word' id='word_1_157' title='bbox 1406 4011 1880 4076; x_wconf 87' lang='lat' dir='ltr'><strong>assecutionem</strong></span> <span class='ocrx_word' id='word_1_158' title='bbox 1920 4010 2092 4090; x_wconf 89' lang='lat' dir='ltr'><strong>finis,</strong></span> <span class='ocrx_word' id='word_1_159' title='bbox 2138 4031 2333 4094; x_wconf 92' lang='lat' dir='ltr'><strong>quem</strong></span> <span class='ocrx_word' id='word_1_160' title='bbox 2381 4008 2505 4072; x_wconf 92' lang='lat' dir='ltr'><strong>sibi</strong></span> <span class='ocrx_word' id='word_1_161' title='bbox 2551 4030 2718 4092; x_wconf 86' lang='lat' dir='ltr'><strong>prae-</strong></span> 
     </span>
     <span class='ocr_line' id='line_1_23' title="bbox 658 4118 2715 4206; baseline 0 -23"><span class='ocrx_word' id='word_1_162' title='bbox 658 4118 824 4204; x_wconf 79' lang='lat' dir='ltr'><strong>figit,</strong></span> <span class='ocrx_word' id='word_1_163' title='bbox 869 4124 1087 4187; x_wconf 88' lang='lat' dir='ltr'><strong>auxilii</strong></span> <span class='ocrx_word' id='word_1_164' title='bbox 1141 4123 1521 4204; x_wconf 87' lang='lat' dir='ltr'><strong>animarum,</strong></span> <span class='ocrx_word' id='word_1_165' title='bbox 1575 4125 1659 4187; x_wconf 89' lang='lat' dir='ltr'><strong>ad</strong></span> <span class='ocrx_word' id='word_1_166' title='bbox 1699 4123 2004 4187; x_wconf 84' lang='lat' dir='ltr'><strong>ultimum</strong></span> <span class='ocrx_word' id='word_1_167' title='bbox 2046 4131 2112 4185; x_wconf 91' lang='lat' dir='ltr'><strong>et</strong></span> <span class='ocrx_word' id='word_1_168' title='bbox 2158 4120 2715 4206; x_wconf 87' lang='lat' dir='ltr'><strong>supernaturalem</strong></span> 
     </span>
     <span class='ocr_line' id='line_1_24' title="bbox 660 4232 2716 4320; baseline -0 -26"><span class='ocrx_word' id='word_1_169' title='bbox 660 4254 850 4296; x_wconf 93' lang='lat' dir='ltr'><strong>suum</strong></span> <span class='ocrx_word' id='word_1_170' title='bbox 898 4237 1097 4298; x_wconf 92' lang='lat' dir='ltr'><strong>finem</strong></span> <span class='ocrx_word' id='word_1_171' title='bbox 1146 4237 1678 4320; x_wconf 88' lang='lat' dir='ltr'><strong>consequendum</strong></span> <span class='ocrx_word' id='word_1_172' title='bbox 1729 4234 1943 4299; x_wconf 83' lang='lat' dir='ltr'><strong>media</strong></span> <span class='ocrx_word' id='word_1_173' title='bbox 1992 4233 2122 4315; x_wconf 91' lang='lat' dir='ltr'><strong>illa,</strong></span> <span class='ocrx_word' id='word_1_174' title='bbox 2169 4255 2315 4318; x_wconf 88' lang='lat' dir='ltr'><strong>quae</strong></span> <span class='ocrx_word' id='word_1_175' title='bbox 2370 4254 2521 4296; x_wconf 92' lang='lat' dir='ltr'><strong>cum</strong></span> <span class='ocrx_word' id='word_1_176' title='bbox 2567 4232 2716 4295; x_wconf 93' lang='lat' dir='ltr'><strong>Deo</strong></span> 
     </span>
    </p>
   </div>
   <div class='ocr_carea' id='block_1_6' title="bbox 585 2564 2724 2814">
    <p class='ocr_par' dir='ltr' id='par_1_8' title="bbox 585 2564 2724 2814">
     <span class='ocr_line' id='line_1_25' title="bbox 585 2564 2724 2814; baseline 0 -186"><span class='ocrx_word' id='word_1_177' title='bbox 585 2572 616 2628; x_wconf 91' lang='lat' dir='ltr'><strong>l</strong></span> <span class='ocrx_word' id='word_1_178' title='bbox 669 2564 1031 2814; x_wconf 75' lang='lat' dir='ltr'><strong>QUIA</strong></span> <span class='ocrx_word' id='word_1_179' title='bbox 1084 2566 1391 2645; x_wconf 84' lang='lat' dir='ltr'><strong>Societas,</strong></span> <span class='ocrx_word' id='word_1_180' title='bbox 1439 2586 1572 2647; x_wconf 80' lang='lat' dir='ltr'><strong>quoe</strong></span> <span class='ocrx_word' id='word_1_181' title='bbox 1636 2567 1858 2628; x_wconf 75' lang='lat' dir='ltr'><strong>mediis</strong></span> <span class='ocrx_word' id='word_1_182' title='bbox 1920 2567 2209 2629; x_wconf 69' lang='lat' dir='ltr'><strong>humanis</strong></span> <span class='ocrx_word' id='word_1_183' title='bbox 2251 2566 2551 2629; x_wconf 72' lang='lat' dir='ltr'><strong>instituta</strong></span> <span class='ocrx_word' id='word_1_184' title='bbox 2601 2586 2724 2628; x_wconf 78' lang='lat' dir='ltr'><strong>non</strong></span> 
     </span>
    </p>
   </div>
  </div>
 </body>
</html>
