3146 5014
1174 504 1357 546 PARs
1408 503 1751 546 sEP‘mMA.
2493 492 2573 549 83

525 690 915 753 quocunque
947 667 1241 751 gentium
1272 668 1355 731 ad
1398 667 1708 751 majorem
1741 667 1868 731 Dei
1912 667 2180 751 gloriam
2227 675 2293 730 et
2336 668 2580 731 anima-

522 802 668 843 rum
698 777 1009 842 auxilium
1050 778 1220 841 inter
1262 778 1509 857 fideles,
1553 779 1657 843 vel
1699 778 2016 857 infideles,
2062 801 2181 843 nos
2226 779 2580 845 mittendos

527 890 873 969 censuerit,
905 911 1025 953 nos
1056 889 1482 953 conferamus.
1573 890 1642 953 N
1645 912 1716 953 ec
1761 889 2079 953 intellexit
2110 889 2397 954 Societas
2435 912 2584 976 par-

530 1001 863 1065 ticularem
894 1000 1177 1085 aliquem
1204 1001 1420 1064 locum
1445 1027 1464 1080 3
1511 1000 1626 1064 sed
1655 1010 1731 1064 ut
1759 1022 1877 1085 per
1920 1001 2142 1065 orbem
2186 1001 2256 1064 in
2302 1001 2585 1066 diversas

532 1115 852 1200 regioneS,
884 1125 949 1177 et
978 1115 1123 1178 loca
1166 1114 1247 1177 ab
1293 1136 1369 1178 eo
1415 1127 1862 1199 spargeretur:
1910 1114 2060 1178 cum
2105 1125 2380 1200 optaret,
2410 1115 2589 1200 quod

532 1228 709 1290 factu
740 1225 1062 1310 optimum
1094 1236 1286 1305 esset,
1317 1225 1573 1310 eligere,
1613 1225 1809 1308 idque
1855 1236 2142 1310 speraret
2184 1226 2502 1306 futurum,
2533 1226 2589 1290 si

534 1339 704 1401 hanc
734 1336 940 1422 ipsius
972 1335 1498 1400 distributionem
1530 1357 1825 1400 summus
1860 1336 2163 1401 Pontifex
2189 1337 2449 1401 faceret.

453 1458 491 1512 2
537 1450 627 1513 Et
656 1448 724 1512 in
755 1449 877 1512 hac
908 1455 1111 1533 parte,
1134 1447 1283 1511 cum
1314 1469 1573 1511 omnem
1604 1447 1941 1532 proprium
1972 1469 2237 1511 sensum
2268 1469 2342 1512 ac
2363 1449 2594 1513 volun-

540 1572 738 1623 tatem
786 1558 1049 1622 Christo
1094 1558 1381 1622 Domino
1421 1569 1668 1637 nostro,
1716 1569 1782 1622 et
1822 1557 1961 1643 ejus
2005 1559 2263 1623 Vicario
2306 1559 2593 1625 Societas

543 1671 906 1755 subjecerit,
954 1692 1074 1734 nec
1125 1668 1523 1754 Praepositus
1579 1669 1916 1733 Generalis
1967 1670 2306 1735 Societatis
2359 1693 2477 1756 pro
2526 1694 2594 1735 se

543 1783 706 1866 ipsc,
738 1803 858 1845 nec
902 1781 1247 1865 quisquam
1293 1779 1457 1843 alius
1504 1801 1585 1842 ex
1627 1778 2038 1844 inferioribus
2082 1802 2201 1865 pro
2232 1802 2300 1844 se
2329 1781 2433 1844 vel
2476 1803 2596 1866 pro

545 1894 668 1957 alio
729 1914 949 1956 curare
1012 1913 1131 1956 nec
1192 1901 1441 1956 tentare
1501 1890 1804 1970 mediatE,
1861 1892 1965 1955 vel
2023 1892 2393 1957 immediate
2446 1914 2596 1957 cum

549 2027 802 2068 summo
853 2002 1194 2081 Pontifice,
1225 2002 1329 2067 vel
1360 2001 1501 2087 ejus
1531 2001 1847 2066 ministris
1875 2002 2157 2088 poterit3
2201 2014 2275 2066 ut
2319 2003 2596 2068 residere

546 2115 648 2180 vel
676 2114 850 2178 mitti
880 2113 1099 2199 potius
1129 2113 1193 2176 in
1228 2114 1397 2177 hanc
1442 2124 1716 2197 partem,
1748 2135 1945 2198 quam
1989 2113 2058 2177 in
2101 2113 2279 2177 illam
2325 2114 2555 2178 debeat
2582 2140 2599 2179 z

549 2227 665 2292 sed
713 2225 1046 2289 inferiores
1105 2226 1275 2288 hanc
1336 2246 1558 2288 curam
1619 2224 1986 2288 universam
2046 2247 2303 2289 summo
2356 2225 2603 2290 Christi

550 2338 806 2402 Vicario
845 2360 919 2401 ac
951 2336 1280 2422 Superiori
1310 2358 1466 2414 suo;
1513 2334 1821 2421 Superior
1859 2337 2034 2415 vero,
2077 2337 2255 2421 quod
2298 2338 2381 2401 ad
2420 2360 2605 2401 suam

552 2471 896 2536 personam
941 2448 1196 2528 attinet,
1243 2469 1497 2512 summo
1531 2446 1856 2526 Pontifici,
1897 2453 1963 2512 et
2012 2446 2141 2533 ipsi
2186 2447 2492 2513 Societati
2536 2449 2606 2513 in

556 2562 842 2627 Domino
873 2559 1218 2644 relinquat.

470 2682 509 2738 3
560 2674 896 2750 Praeterea,
951 2669 1065 2755 qui
1109 2692 1147 2734 a
1191 2691 1446 2734 summo
1493 2669 1809 2733 Pontifice
1855 2668 2231 2753 designatus
2274 2669 2492 2749 fuerit,
2533 2683 2610 2738 ut

560 2784 774 2867 aliquo
836 2804 904 2846 se
965 2781 1292 2860 conferat3
1368 2780 1656 2866 seipsum
1715 2779 2084 2861 liberaliter,
2143 2803 2212 2845 re
2273 2782 2613 2867 temporali

562 2895 740 2958 nulla
766 2915 886 2979 pro
915 2892 1149 2957 viatico
1180 2913 1297 2977 per
1326 2914 1417 2971 se,
1447 2892 1550 2956 vel
1577 2913 1697 2976 per
1725 2890 1923 2955 alium
1967 2892 2316 2977 postulata,
2346 2892 2571 2957 offerat
2594 2919 2614 2972 3

563 3006 721 3090 quin
755 3004 976 3090 potius
1030 3003 1121 3068 sic
1168 3003 1325 3068 velit
1367 3026 1406 3067 a
1453 3026 1710 3068 summo
1757 3004 2071 3069 Pontifice
2114 3004 2309 3085 mitti,
2355 3013 2433 3068 ut
2476 3005 2616 3090 ejus

566 3115 891 3182 Sanctitas
921 3115 1005 3178 ad
1033 3114 1280 3198 gratius
1313 3113 1441 3179 Dei
1478 3125 1544 3179 et
1590 3115 1761 3179 sedis
1792 3114 2188 3200 Apostolicae
2232 3116 2617 3200 obsequium

567 3231 722 3310 fore,
753 3230 933 3293 nulla
959 3228 1051 3292 rei
1081 3228 1343 3291 alterius
1373 3228 1442 3291 in
1474 3249 1549 3291 eo
1580 3227 1804 3292 habita
1831 3228 2101 3306 ratione,
2135 3227 2545 3312 judicaverit.

482 3349 523 3404 4
571 3340 642 3405 Si
673 3361 967 3404 summus
1000 3338 1302 3402 Pontifex
1330 3360 1675 3423 personam
1713 3359 1847 3401 non
1893 3337 2302 3421 designaret3
2348 3337 2464 3401 sed
2507 3337 2622 3401 ali-

572 3473 787 3534 quem,
837 3450 940 3515 vel
985 3450 1205 3534 plures
1256 3449 1340 3512 ad
1396 3449 1597 3527 hunc,
1642 3448 1747 3512 vel
1802 3447 1987 3511 illum
2037 3447 2254 3512 locum
2301 3448 2625 3533 proficisci

563 3561 843 3647 juberet,
905 3558 1266 3645 Superioris
1326 3557 1589 3622 arbitrio
1656 3558 2104 3642 relinquendo,
2178 3559 2292 3644 qui
2351 3559 2482 3623 sint
2541 3561 2625 3624 ad

572 3671 948 3758 hujusmodi
1005 3669 1382 3735 missionem
1457 3670 1739 3756 aptiores
1772 3694 1789 3734 ε
1866 3669 2173 3755 Superior
2237 3669 2428 3755 juxta
2486 3670 2628 3756 ejus

573 3795 976 3873 praeceptum
1015 3807 1148 3865 eoS,
1189 3784 1302 3868 qui
1340 3785 1547 3871 magis
1597 3784 1962 3863 convenire,
2004 3794 2069 3847 et
2109 3783 2389 3868 aptiores
2433 3784 2517 3846 ad
2558 3784 2628 3848 id

574 3901 709 3964 fore
748 3899 1166 3977 videbuntur,
1217 3896 1603 3982 designabit.
1696 3897 1846 3963 Qua
1891 3895 1961 3958 in
2013 3917 2081 3958 re
2125 3894 2336 3979 majus
2378 3894 2627 3958 bonum

574 4012 933 4076 universale
964 4012 1345 4091 intuebitur,
1364 4021 1430 4074 et
1458 4021 1535 4074 ut
1564 4031 1762 4094 quam
1791 4006 2136 4072 minimum
2167 4006 2629 4071 detrimentum

577 4125 702 4187 alia
729 4147 945 4210 opera,
976 4147 1122 4209 quae
1154 4107 1236 4190 ad
1267 4123 1394 4190 Dei
1425 4121 1810 4206 obsequium
1841 4131 2144 4206 suscepta
2170 4120 2433 4200 fuerint,
2464 4121 2630 4206 pati-

581 4247 794 4301 antur.
