3146 5014
1245 534 1427 576 PARS
1479 534 1803 581 QUAR'PA.
2518 525 2595 579 41

541 696 918 775 deliberent,
966 695 1214 780 sibique
1274 699 1729 781 persuadeant,
1790 698 1953 761 nihil
2010 698 2256 782 gratius
2318 721 2384 762 se
2445 699 2590 763 Deo

542 807 828 870 facturos
857 807 923 869 in
958 806 1285 891 collegiis,
1317 809 1512 893 quam
1543 809 1598 872 si
1629 831 1779 872 cum
1825 831 1900 872 ea
1942 809 2326 889 intentione,
2358 810 2438 873 de
2470 832 2599 894 qua

547 917 796 980 dictum
843 929 962 997 est,
1016 918 1247 982 studiis
1302 941 1368 982 se
1429 919 1773 1003 diligenter
1817 920 2219 1004 impendant.
2309 920 2400 983 Et
2450 920 2600 984 licet

546 1050 881 1113 nunquam
923 1030 1003 1092 ad
1052 1031 1406 1093 exercenda
1449 1052 1545 1109 ea,
1591 1052 1738 1114 quae
1784 1030 2145 1110 didicerint,
2175 1030 2596 1115 perveniant3

543 1139 725 1201 illum
756 1149 972 1203 tamen
1008 1140 1312 1203 studendi
1353 1141 1640 1204 laborem
1673 1163 1751 1204 ex
1796 1140 2161 1204 obedientia
2190 1152 2255 1205 et
2287 1141 2594 1205 charitate

548 1251 646 1334 (ut
676 1273 795 1335 par
826 1252 947 1332 est)
987 1264 1385 1337 susceptum,
1418 1275 1584 1338 opus
1623 1275 1761 1317 esse
1806 1253 2027 1337 magni
2070 1253 2283 1316 meriti
2326 1253 2395 1317 in
2441 1275 2595 1317 con-

539 1370 769 1446 spectu
799 1363 1034 1426 divinae
1065 1385 1138 1426 ac
1171 1386 1440 1428 summae
1473 1364 1840 1450 Majestatis
1872 1365 2048 1450 apud
2078 1387 2145 1428 se
2177 1375 2487 1429 statuant.

453 1479 493 1536 3
544 1473 1025 1558 Impedimenta
1054 1474 1247 1537 etiam
1278 1487 1750 1556 removeantur,
1782 1497 1929 1560 quae
1960 1498 1998 1539 a
2037 1475 2270 1539 studiis
2301 1474 2590 1539 animum

540 1596 830 1663 avocant,
883 1593 1019 1647 tam
1067 1586 1484 1650 devotionum
1538 1609 1611 1650 ac
1664 1586 2257 1666 mortificationum,
2298 1606 2445 1669 quae
2489 1588 2593 1651 vel

542 1695 754 1758 nimiae
783 1697 885 1760 vel
915 1696 1052 1760 sine
1083 1697 1309 1760 ordine
1341 1697 1558 1761 debito
1593 1697 2057 1781 suscipiuntur,
2076 1698 2270 1781 quam
2289 1719 2589 1760 curarum

540 1816 605 1867 et
635 1806 1154 1891 occupationum,
1187 1829 1332 1892 quae
1364 1807 1538 1871 domi
1569 1808 1638 1869 in
1670 1807 1896 1871 officiis
1928 1806 2319 1886 domesticiS,
2338 1817 2403 1870 et
2432 1807 2588 1871 foris

539 1916 893 2001 colloquiiS,
955 1919 1490 1998 confessionibuS,
1567 1930 1760 2003 atque
1835 1918 1973 1982 aliis
2048 1940 2200 2003 erga
2258 1918 2585 2003 proximos

536 2028 979 2093 functionibus
1021 2042 1478 2094 assumuntur:
1540 2042 1861 2114 quatenus
1905 2030 1987 2093 ab
2033 2030 2125 2093 eis
2172 2029 2477 2094 declinari
2516 2031 2586 2094 in

537 2139 821 2204 Domino
862 2142 1120 2226 poterit.
1211 2143 1335 2207 Est
1383 2141 1555 2205 enim
1604 2141 1945 2220 laudabile,
1999 2142 2130 2227 quo
2177 2142 2316 2206 aliis
2360 2150 2588 2227 postea

534 2251 820 2316 utiliores
870 2275 1018 2317 cum
1079 2254 1392 2332 doctrina,
1454 2275 1649 2337 quam
1703 2252 2065 2332 didicerint,
2116 2275 2183 2317 se
2230 2254 2583 2338 praebeant,

532 2361 907 2446 hujusmodi
939 2363 1239 2427 exercitia
1263 2356 1435 2445 (licet
1465 2363 1595 2448 pia)
1622 2364 1826 2427 donec
1860 2363 2076 2427 studia
2106 2363 2238 2427 sint
2268 2363 2584 2443 absoluta,

532 2472 790 2539 differri.
882 2475 970 2539 Et
1032 2475 1171 2539 haee
1231 2475 1493 2560 quidem
1569 2474 1787 2539 omnia
1859 2474 2085 2560 majori
2155 2497 2305 2539 cum
2366 2474 2582 2540 studio

530 2584 822 2670 obsequii
852 2596 918 2649 et
947 2586 1166 2672 gloriae
1198 2586 1430 2650 divinae
1462 2586 1645 2649 fiant.

441 2702 483 2755 4
532 2694 612 2757 In
665 2695 1023 2781 disciplinis
1075 2698 1232 2760 ordo
1294 2696 1648 2760 servandus
1697 2705 1817 2774 est,
1865 2705 1940 2758 ut
1990 2693 2171 2779 prius
2222 2693 2289 2756 in
2345 2694 2581 2760 Latina

527 2804 751 2890 lingua
810 2805 1088 2869 solidum
1151 2807 1399 2891 jaciant
1465 2807 1988 2885 fundamentum,
2063 2826 2257 2888 quam
2316 2805 2576 2869 Artium

526 2914 906 2995 liberalium,
938 2929 1002 2980 et
1032 2916 1101 2979 in
1133 2917 1230 2995 iis,
1263 2927 1613 3002 antequam
1643 2915 2011 3001 Theologiae
2045 2915 2482 2997 Scholasticae,
2512 2927 2578 2980 et

528 3025 788 3109 quidem
834 3027 904 3089 in
954 3019 1106 3106 hac,
1155 3029 1499 3112 antequam
1551 3028 1851 3093 Positivae
1913 3025 2144 3092 studiis
2193 3048 2260 3090 se
2313 3026 2575 3091 dedant.

528 3134 738 3198 Sacrae
772 3137 1106 3222 scripturae
1137 3137 1240 3201 vel
1283 3140 1510 3202 eodem
1555 3150 1866 3224 tempore,
1897 3137 1999 3201 vel
2041 3144 2270 3222 postea
2313 3137 2571 3202 tractari

522 3255 849 3331 poterunt.
2329 3241 2332 3244 ยน

435 3365 472 3419 5
522 3357 799 3442 Linguae
842 3382 993 3423 vero
1037 3360 1184 3440 illae,
1230 3362 1299 3424 in
1345 3361 1582 3445 quibus
1628 3361 1883 3445 scriptae
1922 3359 2024 3423 vel
2052 3381 2252 3422 versae
2282 3359 2568 3437 suerunt,

523 3468 725 3552 priuS,
756 3481 867 3533 aut
907 3471 1252 3556 posterius,
1283 3480 1360 3535 ut
1391 3470 1717 3556 Superiori
1746 3492 1865 3555 pro
1894 3468 2199 3533 varietate
2230 3489 2569 3532 causarum

525 3582 1019 3662 occurrentium,
1050 3606 1124 3647 ac
1156 3583 1521 3648 diversitate
1566 3603 1989 3667 personarum
2032 3581 2376 3661 videbitur,
2406 3580 2568 3645 disci

518 3671 844 3777 poterunt.
937 3697 1167 3781 Itaque
1213 3698 1370 3761 ordo
1423 3696 1731 3782 temporis
1779 3696 1919 3781 ejus
1964 3696 2329 3782 prudentiae
2372 3694 2564 3758 relin-

517 3816 772 3888 quetur.
863 3807 993 3871 Sed
1041 3808 1096 3871 si
1145 3808 1515 3892 linguarum
1567 3807 1783 3871 studio
1835 3806 2040 3869 nostri
2097 3811 2351 3883 vacant,
2394 3804 2566 3867 inter

517 3922 766 3995 caetera,
797 3917 881 3980 ad
925 3940 1070 4001 quae
1116 3918 1505 3981 discentium
1548 3916 1824 3980 intentio
1867 3915 2129 3993 feratur,
2157 3914 2317 3977 illud
2351 3914 2456 3994 sit,
2487 3927 2562 3979 ut

512 4027 871 4091 versionem
903 4030 984 4093 ab
1016 4030 1309 4094 Ecclesia
1337 4028 1759 4114 approbatam
1790 4027 2160 4091 defendant.

426 4144 464 4200 6
515 4138 898 4204 Scholastici
973 4164 1197 4206 omnes
1269 4141 1579 4205 lectiones
1637 4139 2047 4225 publicorum
2118 4139 2561 4204 Professorum

500 4248 691 4333 juxta
744 4252 1040 4317 Rectoris
1091 4253 1363 4339 collegii
1415 4251 1750 4318 arbitrium
1810 4251 2111 4316 audiant:
2182 4250 2557 4336 quiquidem
