3146 5014
544 487 630 542 60

1303 497 1956 542 CONSTITUTIONUM

679 675 956 750 oportet,
979 664 1355 743 movendoS,
1379 673 1446 727 et
1473 675 1548 727 ut
1581 664 1800 726 omnia
1830 685 1947 727 sua
1977 662 2192 727 studia
2222 663 2305 726 ad
2335 664 2513 727 hunc
2530 666 2730 728 finem

675 778 974 841 reserant.
1066 777 1264 843 Quod
1313 788 1389 839 ut
1437 777 1521 839 ad
1580 776 1954 839 memoriam
2014 775 2106 839 eis
2163 776 2533 855 reducatur,
2581 789 2731 841 ante

677 888 971 952 lectionis
1017 887 1275 951 initium
1321 887 1492 951 dicat
1544 887 1776 972 aliquis
1819 887 2079 950 brevem
2127 886 2483 951 orationem
2537 888 2619 951 ad
2662 888 2731 951 id

677 1000 1068 1079 institutam,
1108 1022 1305 1084 quam
1353 1000 1741 1084 Praeceptor,
1785 1009 1851 1062 et
1898 998 2199 1084 discipuli
2241 1020 2467 1063 omnes
2507 1007 2728 1085 aperto

678 1112 889 1196 capite
922 1111 1169 1177 attente
1200 1111 1486 1175 audient.

681 1224 954 1307 Propter
982 1245 1115 1300 cos,
1145 1222 1257 1306 qui
1287 1233 1422 1285 tam
1451 1221 1520 1284 in
1552 1220 1886 1305 diligentia
1915 1221 2048 1284 suis
2082 1221 2313 1285 studiis
2343 1222 2730 1301 adhibenda,

680 1336 874 1420 quam
904 1336 971 1398 in
1003 1335 1103 1416 iis,
1134 1358 1280 1424 quae
1311 1336 1395 1398 ad
1423 1335 1632 1399 bonos
1661 1357 1872 1398 mores
1902 1335 2252 1419 pertinent,
2282 1336 2688 1419 peccaverint
2713 1361 2731 1414 3

681 1460 756 1511 ut
804 1471 954 1511 cum
1006 1447 1243 1533 quibus
1297 1447 1433 1510 sola
1482 1445 1678 1510 verba
1719 1446 1912 1525 bona,
1956 1456 2022 1510 et
2070 1447 2544 1511 exhortationes
2596 1470 2730 1512 uon

682 1559 1037 1638 sufficiunt,
1075 1560 1409 1624 Corrector
1443 1560 1578 1640 (qui
1610 1560 1685 1622 de
1718 1559 2036 1623 Societate
2083 1581 2204 1623 non
2246 1562 2363 1637 sit)
2411 1559 2728 1623 constitu-

682 1680 850 1749 atur,
881 1668 993 1753 qui
1022 1690 1260 1754 pueros
1321 1668 1389 1731 in
1423 1668 1652 1731 timore
1698 1667 2049 1746 contineat,
2095 1678 2161 1732 et
2205 1691 2337 1747 eOS,
2381 1669 2619 1753 quibus
2662 1669 2732 1732 id

683 1802 848 1865 opus
879 1778 1022 1859 erit,
1054 1779 1294 1863 quique
1327 1777 1769 1864 castigationis
1800 1778 2176 1864 hujusmodi
2220 1791 2410 1843 erunt
2442 1802 2732 1865 capaceS,

682 1890 975 1975 castiget.
1067 1890 1238 1954 Cam
1269 1898 1486 1953 autem
1526 1912 1648 1953 nec
1692 1890 1908 1969 verba,
1939 1913 2060 1954 nec
2108 1887 2501 1955 Correctoris
2533 1892 2733 1955 offici-

679 2004 793 2067 ur'n
841 2003 996 2067 satis
1041 2013 1233 2082 esset,
1275 2014 1339 2065 et
1389 2003 1458 2065 in
1503 2003 1718 2086 aliquo
1764 2003 2128 2068 emendatio
2173 2027 2306 2068 non
2348 2017 2731 2090 speraretur,

679 2114 946 2197 aliisque
999 2135 1140 2176 esse
1199 2112 1588 2177 offendiculo
1648 2113 1973 2178 videretur
1990 2141 2009 2194 3
2075 2123 2343 2200 praestat
2401 2117 2437 2180 a
2497 2117 2732 2181 scholis

681 2247 832 2288 eum
883 2245 1230 2302 removere,
1279 2223 1473 2307 quam
1526 2223 1641 2287 ubi
1691 2247 1924 2309 parum
1967 2225 2106 2310 ipse
2153 2228 2432 2312 proficit,
2480 2239 2546 2291 et
2593 2228 2732 2292 aliis

683 2341 897 2414 nocet,
942 2333 1239 2398 retinere.
1334 2334 1481 2397 Hoc
1526 2346 1745 2398 autem
1790 2335 2114 2419 judicium
2157 2338 2414 2402 Rectori
2458 2338 2734 2403 Univer-

686 2444 917 2526 sitatiS,
946 2456 1021 2509 ut
1053 2444 1271 2509 omnia
1300 2444 1383 2509 ad
1426 2444 1696 2531 gloriam
1727 2453 1792 2510 et
1822 2448 2153 2512 servitium
2185 2448 2333 2529 Dei,
2362 2461 2438 2513 ut
2467 2472 2585 2535 par
2614 2459 2733 2531 est,

680 2557 1060 2643 procedant,
1089 2556 1509 2641 relinquetur.

694 2923 789 2964 DE
825 2919 1372 2992 orFIGIAmBUS,
1404 2923 1550 2965 VEL
1586 2924 1967 2969 MINISTRIS
2004 2927 2595 2973 UNIVERSITATIS.

689 3173 905 3238 CURA
959 3173 1361 3253 universalis,
1408 3175 1512 3240 vel
1570 3165 2171 3261 superintendentia
2230 3192 2294 3244 et
2353 3182 2736 3266 gubernatio

689 3284 1147 3350 Universitatis
1176 3306 1378 3369 penes
1401 3271 1743 3351 Rectorem
1775 3287 1938 3367 erit3
1984 3289 2098 3373 qui
2125 3290 2299 3354 idem
2329 3314 2468 3357 esse
2498 3296 2737 3379 poterit

686 3395 800 3479 qui
842 3395 911 3459 in
951 3394 1240 3481 Collegio
1283 3397 1613 3482 praecipuo
1660 3398 1999 3463 Societatis
2042 3410 2299 3485 praeest,
2344 3414 2409 3469 et
2452 3404 2531 3468 iis
2572 3428 2737 3491 prae-

690 3506 866 3570 ditus
911 3506 1039 3570 Dei
1080 3507 1291 3586 doniS,
1323 3508 1402 3571 de
1448 3509 1685 3592 quibus
1731 3510 1980 3575 dictum
2032 3524 2153 3594 est,
2200 3525 2275 3577 ut
2317 3516 2525 3600 possit
2562 3540 2737 3580 com-

691 3616 892 3680 misso
923 3616 1047 3679 sibi
1077 3617 1286 3681 officio
1332 3618 1668 3702 dirigendo
1704 3621 1773 3684 in
1820 3622 2051 3687 litteris
2089 3636 2154 3688 et
2200 3626 2488 3690 moribus
2533 3639 2736 3691 totam

689 3726 1194 3791 Universitatem
1235 3728 1619 3793 satisfacere.
1710 3731 1875 3815 Ejus
1921 3734 2147 3799 electio
2193 3737 2276 3800 ad
2309 3738 2736 3823 Praepositum

692 3838 1100 3919 Generalem,
1128 3839 1231 3902 vel
1259 3838 1480 3919 alium,
1511 3840 1617 3904 cui
1663 3841 1767 3905 ille
1812 3842 1879 3906 id
1925 3846 2317 3911 commiserit
2353 3849 2739 3934 (cujusmodi

691 3960 862 4013 esset
909 3948 1348 4031 Provincialis,
1392 3952 1493 4015 vel
1539 3951 1873 4036 Visitator)
1925 3957 2285 4040 spectabit3
2339 3959 2740 4024 confirmatio

690 4061 841 4126 verb
903 4084 1157 4147 semper
1229 4062 1349 4126 erit
1413 4064 1769 4131 Generalis.
1863 4068 2150 4134 Habebit
2225 4086 2442 4137 autem
2505 4075 2743 4137 Rector

693 4183 972 4257 quatuor
1019 4172 1457 4256 ConsiliariOS,
1509 4178 1612 4241 vel
1658 4178 2056 4245 Assistentes
2074 4208 2095 4262 3
2159 4183 2272 4267 qui
2315 4184 2382 4248 in
2426 4184 2619 4249 rebus
2661 4187 2744 4250 ad
